@book{adams.2004,
  title={The knot book: an elementary introduction to the mathematical theory of knots},
  author={Adams, Colin Conrad},
  year={2004},
  publisher={American Mathematical Soc.}
}

@book{abrikosov.Dzyaloshinskii.1975,
      author        = "Abrikosov, A A and Dzyaloshinskii, I and Gorkov, L P and
                       Silverman, Richard A",
      title         = "{Methods of quantum field theory in statistical physics}",
      publisher     = "Dover",
      address       = "New York, NY",
      year          = "1975",
      url           = "https://cds.cern.ch/record/107441",
}

@article{aharonov.anandan.1987,
  title = {Phase change during a cyclic quantum evolution},
  author = {Aharonov, Y. and Anandan, J.},
  journal = {Phys. Rev. Lett.},
  volume = {58},
  issue = {16},
  pages = {1593},
  numpages = {0},
  year = {1987},
  month = {Apr},
  publisher = {American Physical Society},
  doi = {https://doi.org/10.1103/PhysRevLett.58.1593},
  url = {https://link.aps.org/doi/10.1103/PhysRevLett.58.1593}
}

@article{alicea.oreg.2011,
	Author = {Alicea, Jason and Oreg, Yuval and Refael, Gil and Von Oppen, Felix and Fisher, Matthew PA},
	Doi = {http://dx.doi.org/10.1038/nphys1915},
	Journal = {Nat. Phys.},
	Pages = {412},
	Publisher = {Nature Publishing Group},
	Title = {{Non-Abelian statistics and topological quantum information processing in 1D wire networks}},
	Volume = {7},
	Year = {2011},
	Bdsk-Url-1 = {http://dx.doi.org/10.1038/nphys1915}}


@article{alicea.fendley.2016,
author = {Alicea, Jason and Fendley, Paul},
title = {{Topological Phases with Parafermions: Theory and Blueprints}},
journal = {Annu. Rev. Condens. Matter Phys},
volume = {7},
pages = {119},
year = {2016},
doi = {http://doi.org/10.1146/annurev-conmatphys-031115-011336},
}

@article{alvermann.fehske.2012,
	Author = {A. Alvermann and H. Fehske and P. B. Littlewood},
	Doi = {http://doi.org/10.1088/1367-2630/14/10/105008},
	Month = {oct},
	Pages = {105008},
	Publisher = {{IOP} Publishing},
	Title = {Numerical time propagation of quantum systems in radiation fields},
	Url = {https://doi.org/10.1088%2F1367-2630%2F14%2F10%2F105008},
	Volume = {14},
	journal={New J. Phys.},
	Year = 2012,
	Bdsk-Url-1 = {https://doi.org/10.1088%2F1367-2630%2F14%2F10%2F105008},
	Bdsk-Url-2 = {http://dx.doi.org/10.1088/1367-2630/14/10/105008}}

@article{akhmerov.dahlhaus.2011,
  title = {{Quantized Conductance at the Majorana Phase Transition in a Disordered Superconducting Wire}},
  author = {Akhmerov, A. R. and Dahlhaus, J. P. and Hassler, F. and Wimmer, M. and Beenakker, C. W. J.},
  journal = {Phys. Rev. Lett.},
  volume = {106},
  issue = {5},
  pages = {057001},
  numpages = {4},
  year = {2011},
  month = {Jan},
  publisher = {American Physical Society},
  doi = {https://doi.org/10.1103/PhysRevLett.106.057001},
  url = {https://link.aps.org/doi/10.1103/PhysRevLett.106.057001}
}


@article{amorim.ebihara.2015,
  title = {Majorana braiding dynamics in nanowires},
  author = {Amorim, C\'assio Sozinho and Ebihara, Kazuto and Yamakage, Ai and Tanaka, Yukio and Sato, Masatoshi},
  journal = {Phys. Rev. B},
  volume = {91},
  issue = {17},
  pages = {174305},
  numpages = {8},
  year = {2015},
  month = {May},
  publisher = {American Physical Society},
  doi = {https://doi.org/10.1103/PhysRevB.91.174305},
  url = {https://link.aps.org/doi/10.1103/PhysRevB.91.174305}
}

@article{anandan.christian.97,
	Author = {Anandan,Jeeva and Christian,Joy and Wanelik,Kazimir},
	Doi = {http://dx.doi.org/10.1119/1.18570},
	Journal = {Am. J. Phys.},
	Pages = {180},
	Title = {{Resource Letter GPP-1: Geometric Phases in Physics}},
	Url = {https://doi.org/10.1119/1.18570},
	Volume = {65},
	Year = {1997},
	Bdsk-Url-1 = {https://doi.org/10.1119/1.18570},
	Bdsk-Url-2 = {http://dx.doi.org/10.1119/1.18570}}

@misc{beenakker.2019,
	Author = {C. W. J. Beenakker},
	Eprint = {arXiv:1907.06497},
	note = {\href{https://arxiv.org/pdf/1907.06497.pdf}{arXiv:1907.06497}},
	Title = {{Search for non-Abelian Majorana braiding statistics in superconductors}},
	Year = {2019}}




 @article{berry.1984,
author = {Berry, Michael Victor },
title = {Quantal phase factors accompanying adiabatic changes},
journal = {Proc. R. Soc. London, Ser. A},
volume = {392},
pages = {45},
year = {1984},
doi = {https://doi.org/10.1098/rspa.1984.0023},

URL = {https://royalsocietypublishing.org/doi/abs/10.1098/rspa.1984.0023},
eprint = {https://royalsocietypublishing.org/doi/pdf/10.1098/rspa.1984.0023}
}

@article{bravyi.2006,
  title = {Universal quantum computation with the $\ensuremath{\nu}=5/2$ fractional quantum {H}all state},
  author = {Bravyi, Sergey},
  journal = {Phys. Rev. A},
  volume = {73},
  issue = {4},
  pages = {042313},
  numpages = {16},
  year = {2006},
  month = {Apr},
  publisher = {American Physical Society},
  doi = {https://doi.org/10.1103/PhysRevA.73.042313},
  url = {https://link.aps.org/doi/10.1103/PhysRevA.73.042313}
}


@article{chan.chiu.2015,
	Author = {Chan, Y.-H. and Chiu, Ching-Kai and Sun, Kuei},
	Doi = {http://doi.org/10.1103/PhysRevB.92.104514},
	Issue = {10},
	Journal = {Phys. Rev. B},
	Month = {Sep},
	Numpages = {10},
	Pages = {104514},
	Publisher = {American Physical Society},
	Title = {Multiple signatures of topological transitions for interacting fermions in chain lattices},
	Url = {https://link.aps.org/doi/10.1103/PhysRevB.92.104514},
	Volume = {92},
	Year = {2015}
	}

@article{chandran.kim.2015,
  title = {Constructing local integrals of motion in the many-body localized phase},
  author = {Chandran, Anushya and Kim, Isaac H. and Vidal, Guifre and Abanin, Dmitry A.},
  journal = {Phys. Rev. B},
  volume = {91},
  issue = {8},
  pages = {085425},
  numpages = {7},
  year = {2015},
  month = {Feb},
  publisher = {American Physical Society},
  doi = {http://doi.org/10.1103/PhysRevB.91.085425},
  url = {https://link.aps.org/doi/10.1103/PhysRevB.91.085425}
}

@article{chen.gu.2011,
  title = {Classification of gapped symmetric phases in one-dimensional spin systems},
  author = {Chen, Xie and Gu, Zheng-Cheng and Wen, Xiao-Gang},
  journal = {Phys. Rev. B},
  volume = {83},
  issue = {3},
  pages = {035107},
  numpages = {19},
  year = {2011},
  month = {Jan},
  publisher = {American Physical Society},
  doi = {http://doi.org/10.1103/PhysRevB.83.035107},
  url = {https://link.aps.org/doi/10.1103/PhysRevB.83.035107}
}

@article{cheng.he.2016,
	Author = {Cheng, Qiu-Bo and He, Jing and Kou, Su-Peng},
	Doi = {http://dx.doi.org/10.1016/j.physleta.2015.11.030},
	Journal = {Phys. Lett. A},
	Pages = {779},
	Publisher = {Elsevier},
	Title = {{Verifying non-Abelian statistics by numerical braiding Majorana fermions}},
	Volume = {380},
	Year = {2016},
	Bdsk-Url-1 = {http://dx.doi.org/10.1016/j.physleta.2015.11.030}}



@article{chevallier.klinovaja.2016,
  title = {Tomography of {Majorana} fermions with {STM} tips},
  author = {Chevallier, D. and Klinovaja, J.},
  journal = {Phys. Rev. B},
  volume = {94},
  issue = {3},
  pages = {035417},
  numpages = {8},
  year = {2016},
  month = {Jul},
  publisher = {American Physical Society},
  doi = {http://doi.org/10.1103/PhysRevB.94.035417},
  url = {http://doi.org/10.1103/PhysRevB.94.035417}
}

@book{cohen-tannoudji.1977,
      author        = "Cohen-Tannoudji, Claude and Diu, Bernard and LaloÃ«, Franck",
      title         = "{Quantum mechanics}",
      publisher     = "Wiley",
      address       = "New York, NY",
      year          = "1977",
      url           = "https://cds.cern.ch/record/101367"
}

@article{deng.vaitiekenas.2018,
  title = {Nonlocality of {Majorana} modes in hybrid nanowires},
  author = {Deng, M.-T. and Vaitiek\.{e}nas, S. and Prada, E. and San-Jose, P. and Nyg\aa{}rd, J. and Krogstrup, P. and Aguado, R. and Marcus, C. M.},
  journal = {Phys. Rev. B},
  volume = {98},
  issue = {8},
  pages = {085125},
  numpages = {10},
  year = {2018},
  month = {Aug},
  publisher = {American Physical Society},
  doi = {http://doi.org/10.1103/PhysRevB.98.085125},
  url = {http://doi.org/10.1103/PhysRevB.98.085125}
}

@Article{dominguez.cayao.2017,
author={Dom{\'i}nguez, F. and Cayao, J. and San-Jose, P. and Aguado, R. and Yeyati, A. L.
and Prada, E.},
title={Zero-energy pinning from interactions in {Majorana} nanowires},
journal={npj Quantum Mater.},
year={2017},
volume={2},
pages={13},
issn={2397-4648},
doi={http://doi.org/10.1038/s41535-017-0012-0},
url={http://doi.org/10.1038/s41535-017-0012-0}
}


@article{dumitrescu.roberts.2015,
  title = {Majorana fermions in chiral topological ferromagnetic nanowires},
  author = {Dumitrescu, E. and Roberts, B. and Tewari, S. and Sau, J. D. and Das Sarma, S.},
  journal = {Phys. Rev. B},
  volume = {91},
  issue = {9},
  pages = {094505},
  numpages = {24},
  year = {2015},
  month = {Mar},
  publisher = {American Physical Society},
  doi = {http://doi.org/10.1103/PhysRevB.91.094505},
  url = {http://doi.org/10.1103/PhysRevB.91.094505}
}

@article{dirac.1928,
author = {Dirac, P. A. M.  and Fowler, R. H. },
title = {The quantum theory of the electron},
journal = {Proc. R. Soc.~A},
volume = {117},
pages = {610},
year = {1928},
doi = {http://doi.org/10.1098/rspa.1928.0023},
URL = {https://royalsocietypublishing.org/doi/abs/10.1098/rspa.1928.0023},
}

@article{else.fendley.2017,
  title = {{Prethermal Strong Zero Modes and Topological Qubits}},
  author = {Else, Dominic V. and Fendley, Paul and Kemp, Jack and Nayak, Chetan},
  journal = {Phys. Rev. X},
  volume = {7},
  issue = {4},
  pages = {041062},
  numpages = {22},
  year = {2017},
  month = {Dec},
  publisher = {American Physical Society},
  doi = {http://doi.org/10.1103/PhysRevX.7.041062},
  url = {https://link.aps.org/doi/10.1103/PhysRevX.7.041062}
}

@book{essler.frahm.2005,
	Author = {Essler, Fabian H. L. and Frahm, Holger and G{\"o}hmann, Frank and Kl{\"u}mper, Andreas and Korepin, Vladimir E.},
	Doi = {http://doi.org/10.1017/CBO9780511534843},
	Place = {Cambridge},
	Publisher = {Cambridge University Press},
	Title = {The One-Dimensional Hubbard Model},
	Year = {2005},
	Bdsk-Url-1 = {http://dx.doi.org/10.1017/CBO9780511534843}}



@misc{ezawa.2019,
	Author = {M Ezawa},
	Eprint = {arXiv:1907.06911},
	note = {\href{https://arxiv.org/pdf/1907.06911.pdf}{arXiv:1907.06911}},
	Title = {{Non-Abelian braiding of Majorana-like edge states and scalable topological quantum computations in electric circuits}},
	Year = {2019}}


@article{fehske.schleede.2009,
	Author = {Holger Fehske and Jens Schleede and Gerald Schubert and Gerhard Wellein and Vladimir S. Filinov and Alan R. Bishop},
	Doi = {http://doi.org/10.1016/j.physleta.2009.04.022},
	Issn = {0375-9601},
	Journal = {Phys. Lett. A},
	Pages = {2182},
	Title = {Numerical approaches to time evolution of complex quantum systems},
	Url = {http://www.sciencedirect.com/science/article/pii/S0375960109004927},
	Volume = {373},
	Year = {2009},
	Bdsk-Url-1 = {http://www.sciencedirect.com/science/article/pii/S0375960109004927},
	Bdsk-Url-2 = {http://dx.doi.org/10.1016/j.physleta.2009.04.022}}


@book{fetter.walecka.2003,
      author        = "Fetter, Alexander L. and Walecka, John Dirk",
      title         = "{Quantum theory of many-particle systems}",
      publisher     = "Dover",
      address       = "New York, NY",
      series        = "Dover Books on Physics",
      year          = "2003",
      url           = "http://cds.cern.ch/record/1985988",
}

@article{fidkowski.kitaev.2010,
  title = {Effects of interactions on the topological classification of free fermion systems},
  author = {Fidkowski, Lukasz and Kitaev, Alexei},
  journal = {Phys. Rev. B},
  volume = {81},
  issue = {13},
  pages = {134509},
  numpages = {9},
  year = {2010},
  month = {Apr},
  publisher = {American Physical Society},
  doi = {http://dx.doi.org/10.1103/PhysRevB.81.134509},
  url = {https://link.aps.org/doi/10.1103/PhysRevB.81.134509}
}

 @article{gergs.niklas.2016,
  title = {Topological order in the {Kitaev/Majorana} chain in the presence of disorder and interactions},
  author = {Gergs, N. M. and Fritz, L. and Schuricht, D.},
  journal = {Phys. Rev. B},
  volume = {93},
  issue = {7},
  pages = {075129},
  numpages = {8},
  year = {2016},
  month = {Feb},
  publisher = {American Physical Society},
  doi = {http://doi.org/10.1103/PhysRevB.93.075129},
  url = {http://doi.org/10.1103/PhysRevB.93.075129}
}


 @article{gergs.fritz.2016,
  title = {Topological order in the {Kitaev/Majorana} chain in the presence of disorder and interactions},
  author = {Gergs, N. M. and Fritz, L. and Schuricht, D.},
  journal = {Phys. Rev. B},
  volume = {93},
  issue = {7},
  pages = {075129},
  numpages = {8},
  year = {2016},
  month = {Feb},
  publisher = {American Physical Society},
  doi = {http://doi.org/10.1103/PhysRevB.93.075129},
  url = {http://doi.org/10.1103/PhysRevB.93.075129}
}

@article{gangadharaiah.braunecker.2011,
  title = {Majorana Edge States in Interacting One-Dimensional Systems},
  author = {Gangadharaiah, Suhas and Braunecker, Bernd and Simon, Pascal and Loss, Daniel},
  journal = {Phys. Rev. Lett.},
  volume = {107},
  issue = {3},
  pages = {036801},
  numpages = {4},
  year = {2011},
  month = {Jul},
  publisher = {American Physical Society},
  doi = {http://doi.org/10.1103/PhysRevLett.107.036801},
  url = {https://link.aps.org/doi/10.1103/PhysRevLett.107.036801}
}

@Article{gazibegovic.car.2017,
author={Gazibegovic, Sasa
and Car, Diana
and Zhang, Hao
and Balk, Stijn C.
and Logan, John A.
and de Moor, Michiel W. A.
and Cassidy, Maja C.
and Schmits, Rudi
and Xu, Di
and Wang, Guanzhong
and Krogstrup, Peter
and Op het Veld, Roy L. M.
and Zuo, Kun
and Vos, Yoram
and Shen, Jie
and Bouman, Dani{\"e}l
and Shojaei, Borzoyeh
and Pennachio, Daniel
and Lee, Joon Sue
and van Veldhoven, Petrus J.
and Koelling, Sebastian
and Verheijen, Marcel A.
and Kouwenhoven, Leo P.
and Palmstr{\o}m, Chris J.
and Bakkers, Erik P. A. M.},
title={Epitaxy of advanced nanowire quantum devices},
journal={Nature},
year={2017},
volume={548},
pages={434},
issn={1476-4687},
doi={https://doi.org/10.1038/nature23468},
url={https://doi.org/10.1038/nature23468}
}



@article{goldstein.chamon.2012,
  title = {Exact zero modes in closed systems of interacting fermions},
  author = {Goldstein, G. and Chamon, C.},
  journal = {Phys. Rev. B},
  volume = {86},
  issue = {11},
  pages = {115122},
  numpages = {5},
  year = {2012},
  month = {Sep},
  publisher = {American Physical Society},
  doi = {http://doi.org/10.1103/PhysRevB.86.115122},
  url = {https://link.aps.org/doi/10.1103/PhysRevB.86.115122}
}

@book{griffiths.2005,
  title={Introduction to Quantum Mechanics},
  author={Griffiths, D.J.},
  isbn={9780131118928},
  lccn={2003027110},
  series={Pearson international edition},
  url={https://books.google.pl/books?id=-BsvAQAAIAAJ},
  year={2005},
  publisher={Pearson Prentice Hall}
}

@article{haldane.1981,
	doi = {https://doi.org/10.1088/0022-3719/14/19/010},
	url = {https://doi.org/10.1088/0022-3719/14/19/010},
	year = 1981,
	month = {jul},
	publisher = {{IOP} Publishing},
	volume = {14},
	pages = {2585},
	author = {F. D. M. Haldane},
	title = {{{\textquotesingle}Luttinger liquid theory{\textquotesingle} of one-dimensional quantum fluids. I. Properties of the Luttinger model and their extension to the general 1D interacting spinless Fermi gas}},
	journal = {J. Phys. C}
}

@article{hassler.schuricht.2012,
	doi = {https://doi.org/10.1088/1367-2630/14/12/125018},
	url = {https://doi.org/10.1088/1367-2630/14/12/125018},
	year = 2012,
	month = {dec},
	publisher = {{IOP} Publishing},
	volume = {14},
	pages = {125018},
	author = {Fabian Hassler and Dirk Schuricht},
	title = {Strongly interacting {M}ajorana modes in an array of {J}osephson junctions},
	journal = {New J. Phys.},
}

@article{hofmann.assaad.2016,
	Author = {Hofmann, Johannes S. and Assaad, Fakher F. and Schnyder, Andreas P.},
	Doi = {https://doi.org/10.1103/PhysRevB.93.201116},
	Issue = {20},
	Journal = {Phys. Rev. B},
	Month = {May},
	Numpages = {6},
	Pages = {201116},
	Publisher = {American Physical Society},
	Title = {Edge instabilities of topological superconductors},
	Url = {https://link.aps.org/doi/10.1103/PhysRevB.93.201116},
	Volume = {93},
	Year = {2016}
	}

@article{huse.nandkishore.2014,
  title = {Phenomenology of fully many-body-localized systems},
  author = {Huse, David A. and Nandkishore, Rahul and Oganesyan, Vadim},
  journal = {Phys. Rev. B},
  volume = {90},
  issue = {17},
  pages = {174202},
  numpages = {5},
  year = {2014},
  month = {Nov},
  publisher = {American Physical Society},
  doi = {http://doi.org/10.1103/PhysRevB.90.174202},
  url = {https://link.aps.org/doi/10.1103/PhysRevB.90.174202}
}


@article{imbrie.ros.2017,
author = {Imbrie, John Z. and Ros, Valentina and Scardicchio, Antonello},
title = {Local integrals of motion in many-body localized systems},
journal = {Ann. Phys. (Berl.)},
volume = {529},
pages = {1600278},
doi = {http://doi.org/10.1002/andp.201600278},
url = {https://onlinelibrary.wiley.com/doi/abs/10.1002/andp.201600278},
eprint = {https://onlinelibrary.wiley.com/doi/pdf/10.1002/andp.201600278},
year = {2017}
}

@article{ivanov.2001,
  title = {{Non-Abelian Statistics of Half-Quantum Vortices in $\mathit{p}$-Wave Superconductors}},
  author = {Ivanov, D. A.},
  journal = {Phys. Rev. Lett.},
  volume = {86},
  issue = {2},
  pages = {268},
  numpages = {0},
  year = {2001},
  publisher = {American Physical Society},
  doi = {http://doi.org/10.1103/PhysRevLett.86.268},
  url = {https://link.aps.org/doi/10.1103/PhysRevLett.86.268}
}


@article{katsura.schuricht.2015,
  title = {Exact ground states and topological order in interacting {Kitaev/Majorana} chains},
  author = {Katsura, H. and Schuricht, D. and Takahashi, M.},
  journal = {Phys. Rev. B},
  volume = {92},
  issue = {11},
  pages = {115137},
  numpages = {12},
  year = {2015},
  publisher = {American Physical Society},
  doi = {http://doi.org/10.1103/PhysRevB.92.115137},
  url = {http://doi.org/10.1103/PhysRevB.92.115137}
}




@article{kauffman.2018,
author = {Kauffman, Louis H.},
title = {Majorana Fermions and representations of the braid group},
journal = {	Int. J. Mod. Phys. A},
volume = {33},
pages = {1830023},
year = {2018},
doi = {https://doi.org/10.1142/S0217751X18300235},
URL = {https://doi.org/10.1142/S0217751X18300235},
eprint = {https://doi.org/10.1142/S0217751X18300235}
}




@article{karzig.rahmani.2015,
  title = {Optimal control of {M}ajorana zero modes},
  author = {Karzig, Torsten and Rahmani, Armin and von Oppen, Felix and Refael, Gil},
  journal = {Phys. Rev. B},
  volume = {91},
  issue = {20},
  pages = {201404},
  numpages = {5},
  year = {2015},
  month = {May},
  publisher = {American Physical Society},
  doi = {http://doi.org/10.1103/PhysRevB.91.201404},
  url = {https://link.aps.org/doi/10.1103/PhysRevB.91.201404}
}


@article{kells.2015,
  title = {{Many-body Majorana operators and the equivalence of parity sectors}},
  author = {Kells, G.},
  journal = {Phys. Rev. B},
  volume = {92},
  issue = {8},
  pages = {081401},
  numpages = {5},
  year = {2015},
  month = {Aug},
  publisher = {American Physical Society},
  doi = {http://doi.org/10.1103/PhysRevB.92.081401},
  url = {https://link.aps.org/doi/10.1103/PhysRevB.92.081401}
}

@article{kemp.yao.2017,
	doi = {https://doi.org/10.1088/1742-5468/aa73f0},
	year = 2017,
	month = {jun},
	publisher = {{IOP} Publishing},
	volume = {2017},
	pages = {063105},
	author = {Jack Kemp and Norman Y. Yao and Christopher R. Laumann and Paul Fendley},
	title = {Long coherence times for edge spins},
	journal = {J. Stat. Mech.: Theory Exp.
},
}

@article{kitaev.2001,
	Author = {A. Y. Kitaev},
	Journal = {Phys. Usp.},
	Pages = {131},
	title = {Unpaired {M}ajorana fermions in quantum wires},
	doi = {http://dx.doi.org/10.1070/1063-7869/44/10S/S29},
	Url = {http://stacks.iop.org/1063-7869/44/i=10S/a=S29},
	Volume = {44},
	Year = {2001}
	}


@article{kobialka.sedlmayr.2019,
  title = {{Dimerization-induced topological superconductivity in a Rashba nanowire}},
  author = {KobiaÅka, Aksel and Sedlmayr, Nicholas and MaÅka, Maciej M. and DomaÅski, Tadeusz},
  journal = {Phys. Rev. B},
  volume = {101},
  issue = {8},
  pages = {085402},
  numpages = {8},
  year = {2020},
  month = {Feb},
  publisher = {American Physical Society},
  doi = {https://doi.org/10.1103/PhysRevB.101.085402},
  url = {https://link.aps.org/doi/10.1103/PhysRevB.101.085402}
}



@Article{kobialka.domanski.2019,
author={Kobia\l{}ka, Aksel
and Doma\'{n}ski, Tadeusz
and Ptok, Andrzej},
title={Delocalisation of {Majorana} quasiparticles in plaquette-nanowire hybrid system},
journal={Sci. Rep.},
year={2019},
volume={9},
pages={12933},
issn={2045-2322},
doi={https://doi.org/10.1038/s41598-019-49227-5},
url={https://doi.org/10.1038/s41598-019-49227-5}
}




@article{kutta.1901,
  added-at = {2010-10-02T18:22:22.000+0200},
  author = {Kutta, W.},
  biburl = {https://www.bibsonomy.org/bibtex/24ee695c671c31151cc9816e314dfa6c2/brouder},
  interhash = {989a28740cc3399e4195a03ee3e5131b},
  intrahash = {4ee695c671c31151cc9816e314dfa6c2},
  journal = {Zeit. Math. Phys.},
  keywords = {imported},
  pages = {435},
  timestamp = {2010-10-02T18:22:49.000+0200},
  title = {{Beitrag zur n\"aherungsweisen {I}ntegration
 totaler {D}ifferentialgleichungen}},
  volume = 46,
  doi={https://scholar.google.com/scholar_lookup?title=Beitrag+zur+n\%C3\%A4herungsweisen+Integration+totaler+Differentialgleichungen&publication+year=1901&author=Kutta+W.&journal=Zeit.+Math.+Physik&volume=46&pages=435-452},
  year = 1901
}

@article{kobialka.ptok.2019,
	doi = {http://doi.org/10.1088/1361-648x/ab03bf},
	url = {http://doi.org/10.1088/1361-648x/ab03bf},
	year = 2019,
	month = {mar},
	publisher = {{IOP} Publishing},
	volume = {31},
	pages = {185302},
	author = {A. Kobia{\l}ka and A. Ptok},
	title = {Electrostatic formation of the {Majorana} quasiparticles in the quantum dot-nanoring structure},
	journal = {J. Phys. Condens. Matter}
}


@article{krylov.1931,
  title={{On the numerical solution of equation by which are determined in technical problems the frequencies of small vibrations of material systems}},
  author={Krylov, A. N.},
  journal={Math. Comput.},
  volume={4},
  pages={491},
  year={1931}
}

@article{moore.1965,
  added-at = {2009-01-04T17:09:31.000+0100},
  author = {Moore, Gordon E.},
  biburl = {https://www.bibsonomy.org/bibtex/2867f7a1c71867074780e958c5cec38e4/lysander07},
  interhash = {886de6a8be647a56cc3de71d50149f5e},
  intrahash = {867f7a1c71867074780e958c5cec38e4},
  journal = {Electronics},
  month = {April},
  timestamp = {2009-01-27T15:24:50.000+0100},
  title = {Cramming more components onto integrated circuits},
  volume = 38,
  year = 1965
}


@Article{lahtinen.pachos.2017,
	title={{A Short Introduction to Topological Quantum Computation}},
	author={Ville Lahtinen and Jiannis K. Pachos},
	journal={SciPost Phys.},
	volume={3},
	issue={3},
	pages={021},
	year={2017},
	publisher={SciPost},
	doi={http://doi.org/10.21468/SciPostPhys.3.3.021},
	url={https://scipost.org/10.21468/SciPostPhys.3.3.021},
}
	
@article{magnus.1954,
author = {Magnus, Wilhelm},
title = {On the exponential solution of differential equations for a linear operator},
journal = {Commun. Pure Appl. Math.},
volume = {7},
pages = {649},
doi = {http://dx.doi.org/10.1002/cpa.3160070404},
url = {https://onlinelibrary.wiley.com/doi/abs/10.1002/cpa.3160070404},
eprint = {https://onlinelibrary.wiley.com/doi/pdf/10.1002/cpa.3160070404},
year = {1954}
}

@article{manolescu.marinescu.2014,
	doi = {http://dx.doi.org/10.1088/0953-8984/26/17/172203},
	url = {http://dx.doi.org/10.1088/0953-8984/26/17/172203},
	year = 2014,
	month = {apr},
	publisher = {{IOP} Publishing},
	volume = {26},
	pages = {172203},
	author = {A. Manolescu and D. C. Marinescu and T. D. Stanescu},
	title = {Coulomb interaction effects on the {M}ajorana states in quantum wires},
	journal = {J. Phys. Condens. Matter}
}

@article{moler.vanloan.2003,
author = {Moler, Cleve. and Van Loan, Charles.},
title = {Nineteen Dubious Ways to Compute the Exponential of a Matrix, Twenty-Five Years Later},
journal = {SIAM Rev.},
volume = {45},
pages = {3},
year = {2003},
doi = {http://dx.doi.org/10.1137/S00361445024180},
URL = {https://doi.org/10.1137/S00361445024180},
eprint = {https://doi.org/10.1137/S00361445024180}
}

@article {nadj-perge.drozdov.2014,
	author = {Nadj-Perge, Stevan and Drozdov, Ilya K. and Li, Jian and Chen, Hua and Jeon, Sangjun and Seo, Jungpil and MacDonald, Allan H. and Bernevig, B. Andrei and Yazdani, Ali},
	title = {Observation of {M}ajorana fermions in ferromagnetic atomic chains on a superconductor},
	volume = {346},
	pages = {602},
	year = {2014},
	doi = {https://doi.org/10.1126/science.1259327},
	publisher = {American Association for the Advancement of Science},
	issn = {0036-8075},
	URL = {https://science.sciencemag.org/content/346/6209/602},
	eprint = {https://science.sciencemag.org/content/346/6209/602.full.pdf},
	journal = {Science}
}

@article{nayak.simon.2008,
  title = {Non-Abelian anyons and topological quantum computation},
  author = {Nayak, Chetan and Simon, Steven H. and Stern, Ady and Freedman, Michael and Das Sarma, Sankar},
  journal = {Rev. Mod. Phys.},
  volume = {80},
  issue = {3},
  pages = {1083},
  numpages = {0},
  year = {2008},
  month = {Sep},
  publisher = {American Physical Society},
  doi = {https://doi.org/10.1103/RevModPhys.80.1083},
  url = {https://link.aps.org/doi/10.1103/RevModPhys.80.1083}
}

	
@article{lehoucq.sorosen.1996,
author = {Lehoucq, R. B. and Sorensen, D. C.},
title = {{Deflation Techniques for an Implicitly Restarted Arnoldi Iteration}},
journal = {SIAM J. Matrix Anal. Appl.},
volume = {17},
pages = {789},
year = {1996},
doi = {https://doi.org/10.1137/S0895479895281484},
URL = {https://doi.org/10.1137/S0895479895281484},
}






	
@article{bravyi.kitaev.2005,
  title = {Universal quantum computation with ideal {C}lifford gates and noisy ancillas},
  author = {Bravyi, Sergey and Kitaev, Alexei},
  journal = {Phys. Rev. A},
  volume = {71},
  issue = {2},
  pages = {022316},
  numpages = {14},
  year = {2005},
  month = {Feb},
  publisher = {American Physical Society},
  doi = {http://dx.doi.org/10.1103/PhysRevA.71.022316},
  url = {https://link.aps.org/doi/10.1103/PhysRevA.71.022316}
}

@article{klinovaja.stano.2013,
  title = {Topological Superconductivity and {Majorana} Fermions in {RKKY} Systems},
  author = {Klinovaja, Jelena and Stano, Peter and Yazdani, Ali and Loss, Daniel},
  journal = {Phys. Rev. Lett.},
  volume = {111},
  issue = {18},
  pages = {186805},
  numpages = {5},
  year = {2013},
  month = {Nov},
  publisher = {American Physical Society},
  doi = {http://dx.doi.org/10.1103/PhysRevLett.111.186805},
  url = {https://link.aps.org/doi/10.1103/PhysRevLett.111.186805}
}


@article{klinovaja.loss.2012,
	Author = {Klinovaja, Jelena and Loss, Daniel},
	Doi = {http://dx.doi.org/10.1103/PhysRevB.86.085408},
	Issue = {8},
	Journal = {Phys. Rev. B},
	Month = {Aug},
	Numpages = {11},
	Pages = {085408},
	Publisher = {American Physical Society},
	Title = {Composite {Majorana} fermion wave functions in nanowires},
	Url = {https://link.aps.org/doi/10.1103/PhysRevB.86.085408},
	Volume = {86},
	Year = {2012},
	Bdsk-Url-1 = {https://link.aps.org/doi/10.1103/PhysRevB.86.085408},
	Bdsk-Url-2 = {http://dx.doi.org/10.1103/PhysRevB.86.085408}}


@article{kozarzewski.mierzejewski.2019,
  title = {Suppressed energy transport in the strongly disordered {Hubbard} chain},
  author = {Kozarzewski, M. and Mierzejewski, M. and Prelov\v{s}ek, P.},
  journal = {Phys. Rev. B},
  volume = {99},
  issue = {24},
  pages = {241113(R)},
  numpages = {6},
  year = {2019},
  month = {Jun},
  publisher = {American Physical Society},
  doi = {http://doi.org/10.1103/PhysRevB.99.241113},
  url = {http://doi.org/10.1103/PhysRevB.99.241113}
}

@book{mahan.2000,
  added-at = {2008-06-25T19:30:29.000+0200},
  address = {New York},
  annote = {Referencia general, ferro-AF Hubbard},
  author = {Mahan, G. D.},
  biburl = {https://www.bibsonomy.org/bibtex/2df4a0c96da39caf80fc11bada5fa5e9c/jgl},
  citeulike-article-id = {2484412},
  comment = {Referencia general, ferro-AF Hubbard},
  interhash = {aac4b1c944c529b6289a3e35a64e6e55},
  intrahash = {df4a0c96da39caf80fc11bada5fa5e9c},
  keywords = {high-tc, htsct, theory},
  posted-at = {2008-03-07 13:36:33},
  priority = {2},
  publisher = {Plenum},
  timestamp = {2008-06-25T19:31:23.000+0200},
  title = {Many Particle Physics, Third Edition},
  year = 2000
}


@Article{majorana.1937,
author="Majorana, Ettore",
title="Teoria simmetrica dell'elettrone e del positrone",
journal="Il Nuovo Cimento",
year="1937",
day="21",
volume="14",
pages="171",
issn="1827-6121",
doi="https://doi.org/10.1007/BF02961314",
url="https://doi.org/10.1007/BF02961314"
}

@article{maska.gorczyca.2017,
  title = {{Majorana quasiparticles of an inhomogeneous Rashba chain}},
  author = {Ma\ifmmode \acute{s}\else \'{s}\fi{}ka, Maciej M. and Gorczyca-Goraj, Anna and Tworzyd\l{}o, Jakub and Doma\ifmmode \acute{n}\else \'{n}\fi{}ski, Tadeusz},
  journal = {Phys. Rev. B},
  volume = {95},
  issue = {4},
  pages = {045429},
  numpages = {14},
  year = {2017},
  month = {Jan},
  publisher = {American Physical Society},
  doi = {https://doi.org/10.1103/PhysRevB.95.045429},
  url = {https://link.aps.org/doi/10.1103/PhysRevB.95.045429}
}

@Article{maska.domanski.2017,
author={MaÅka, Maciej M.
and DomaÅski, Tadeusz},
title={Polarization of the {M}ajorana quasiparticles in the {R}ashba chain},
journal={Sci. Rep.},
year={2017},
volume={7},
pages={16193},
issn={2045-2322},
doi={https://doi.org/10.1038/s41598-017-16323-3},
url={https://doi.org/10.1038/s41598-017-16323-3}
}



@article{matsui.sato.2003,
  title = {{BCS}-Like {Bogoliubov} Quasiparticles in High-{T}$_{c}$ Superconductors Observed by Angle-Resolved Photoemission Spectroscopy},
  author = {Matsui, H. and Sato, T. and Takahashi, T. and Wang, S.-C. and Yang, H.-B. and Ding, H. and Fujii, T. and Watanabe, T. and Matsuda, A.},
  journal = {Phys. Rev. Lett.},
  volume = {90},
  issue = {21},
  pages = {217002},
  numpages = {4},
  year = {2003},
  month = {May},
  publisher = {American Physical Society},
  doi = {http://doi.org/10.1103/PhysRevLett.90.217002},
  url = {http://doi.org/10.1103/PhysRevLett.90.217002}
}

@article{mierzejewski.kozarzewski.2018,
  title = {{Counting local integrals of motion in disordered spinless-fermion and Hubbard chains}},
  author = {Mierzejewski, Marcin and Kozarzewski, Maciej and Prelov\ifmmode \check{s}\else \v{s}\fi{}ek, Peter},
  journal = {Phys. Rev. B},
  volume = {97},
  issue = {6},
  pages = {064204},
  numpages = {9},
  year = {2018},
  month = {Feb},
  publisher = {American Physical Society},
  doi = {https://doi.org/10.1103/PhysRevB.97.064204},
  url = {https://link.aps.org/doi/10.1103/PhysRevB.97.064204}
}


@article{mierzejewski.prelovsek.2015,
  title = {{Identifying Local and Quasilocal Conserved Quantities in Integrable Systems}},
  author = {Mierzejewski, Marcin and Prelov\ifmmode \check{s}\else \v{s}\fi{}ek, Peter and Prosen, TomaÅ¾},
  journal = {Phys. Rev. Lett.},
  volume = {114},
  issue = {14},
  pages = {140601},
  numpages = {5},
  year = {2015},
  month = {Apr},
  publisher = {American Physical Society},
  doi = {https://doi.org/10.1103/PhysRevLett.114.140601},
  url = {https://link.aps.org/doi/10.1103/PhysRevLett.114.140601}
}


@article{mierzejewski.prosen.2015,
  title = {Approximate conservation laws in perturbed integrable lattice models},
  author = {Mierzejewski, Marcin and Prosen, TomaÅ¾ and Prelov\ifmmode \check{s}\else \v{s}\fi{}ek, Peter},
  journal = {Phys. Rev. B},
  volume = {92},
  issue = {19},
  pages = {195121},
  numpages = {8},
  year = {2015},
  month = {Nov},
  publisher = {American Physical Society},
  doi = {https://doi.org/10.1103/PhysRevB.92.195121},
  url = {https://link.aps.org/doi/10.1103/PhysRevB.92.195121}
}


@article {mourik.zuo.2012,
	author = {Mourik, V. and Zuo, K. and Frolov, S. M. and Plissard, S. R. and Bakkers, E. P. A. M. and Kouwenhoven, L. P.},
	title = "{Signatures of {Majorana} Fermions in Hybrid Superconductor-Semiconductor Nanowire Devices}",
	volume = {336},
	pages = {1003},
	year = {2012},
	doi = {https://doi.org/10.1126/science.1222360},
	publisher = {American Association for the Advancement of Science},
	issn = {0036-8075},
	URL = {https://science.sciencemag.org/content/336/6084/1003},
	journal = {Science}
}

@article{mukunda.simon.93,
	Author = {Mukunda, N. and Simon, R.},
	Doi = {https://doi.org/10.1006/aphy.1993.1093},
	Issue = {2},
	Journal = {Ann. Phys.},
	Month = {Dec},
	Pages = {205},
	Publisher = {Elsevier},
	Title = {{Quantum Kinematic Approach to the Geometric Phase. I. General Formalism}},
	Url = {https://doi.org/10.1006/aphy.1993.1093},
	Volume = {228},
	Year = {1993},
	Bdsk-Url-1 = {https://doi.org/10.1006/aphy.1993.1093},
	Bdsk-Url-2 = {http://dx.doi.org/10.1006/aphy.1993.1093}}

@book{negele.orland.1988,
      author        = "Negele, John W. and Orland, Henri",
      title         = "{Quantum many-particle systems}",
      publisher     = "Westview",
      address       = "Boulder, CO",
      series        = "Advanced book classics",
      year          = "1988",
      url           = "https://cds.cern.ch/record/729852",
      note          = "Addison-Wesley edition",
}

@Article{ng.2015,
author={Ng, H. T.},
title={Decoherence of interacting {M}ajorana modes},
journal={Sci. Rep.},
year={2015},
volume={5},
pages={12530},
issn={2045-2322},
doi={https://doi.org/10.1038/srep12530},
url={https://doi.org/10.1038/srep12530}
}




@book{nielsen.chuang.2011,
	Address = {New York, NY, USA},
	Author = {Nielsen, Michael A. and Chuang, Isaac L.},
	Edition = {10th},
	Isbn = {1107002176, 9781107002173},
	Publisher = {Cambridge University Press},
	Title = {{Quantum Computation and Quantum Information: 10th Anniversary Edition}},
	Year = {2011},
	Doi = {http://dx.doi.org/10.1119/1.1463744}}


@article{lutchyn.stanescu.2011,
  title = {Search for {Majorana} Fermions in Multiband Semiconducting Nanowires},
  author = {Lutchyn, Roman M. and Stanescu, Tudor D. and Das Sarma, S.},
  journal = {Phys. Rev. Lett.},
  volume = {106},
  issue = {12},
  pages = {127001},
  numpages = {4},
  year = {2011},
  month = {Mar},
  publisher = {American Physical Society},
  doi = {http://dx.doi.org/10.1103/PhysRevLett.106.127001},
  url = {https://link.aps.org/doi/10.1103/PhysRevLett.106.127001}
}


@article{sanderson.curtin.2016,
  title={{Armadillo: a template-based C++ library for linear algebra}},
  author={Sanderson, Conrad and Curtin, Ryan},
  journal={J. Open Source Softw.},
  volume={1},
  pages={26},
  year={2016},
  doi={http://dx.doi.org/10.21105/joss.00026},
  publisher={Journal of Open Source Software}
}
 

@article{sanderson.curtin.2019,
	Author = {Conrad Sanderson and Ryan Curtin},
	Doi = {https://doi.org/10.3390/mca24030070},
	Journal = {Math. Comput. Appl.},
	Pages = {},
	Title = {{Practical Sparse Matrices in C++ with Hybrid Storage and Template-Based Expression Optimisation}},
	Volume = {24(3), 70},
	Year = {2019},
	}

	
@article{sarma.freedman.2015,
	Author = {Das Sarma, Sankar and Freedman, Michael and Nayak, Chetan},
	Doi = {http://dx.doi.org/10.1038/npjqi.2015.1},
	Journal = {npj Quantum Inf.},
	Pages = {15001},
	Publisher = {Nature Publishing Group},
	Title = {Majorana zero modes and topological quantum computation},
	Volume = {1},
	Year = {2015},
	}
	


	
@article{sekania.plugge.2017,
  title = {Braiding errors in interacting {Majorana} quantum wires},
  author = {Sekania, Michael and Plugge, Stephan and Greiter, Martin and Thomale, Ronny and Schmitteckert, Peter},
  journal = {Phys. Rev. B},
  volume = {96},
  issue = {9},
  pages = {094307},
  numpages = {10},
  year = {2017},
  month = {Sep},
  publisher = {American Physical Society},
  doi = {http://dx.doi.org/10.1103/PhysRevB.96.094307},
  url = {https://link.aps.org/doi/10.1103/PhysRevB.96.094307}
}

	
@article{serbyn.papic.2013,
  title = {{Local Conservation Laws and the Structure of the Many-Body Localized States}},
  author = {Serbyn, Maksym and Papi\ifmmode \acute{c}\else \'{c}\fi{}, Z. and Abanin, Dmitry A.},
  journal = {Phys. Rev. Lett.},
  volume = {111},
  issue = {12},
  pages = {127201},
  numpages = {5},
  year = {2013},
  month = {Sep},
  publisher = {American Physical Society},
  doi = {http://dx.doi.org/10.1103/PhysRevLett.111.127201},
  url = {https://link.aps.org/doi/10.1103/PhysRevLett.111.127201}
}


@article{sirker.konstantinidis.2014,
  title = {Locality and thermalization in closed quantum systems},
  author = {Sirker, J. and Konstantinidis, N. P. and Andraschko, F. and Sedlmayr, N.},
  journal = {Phys. Rev. A},
  volume = {89},
  issue = {4},
  pages = {042104},
  numpages = {9},
  year = {2014},
  month = {Apr},
  publisher = {American Physical Society},
  doi = {http://doi.org/10.1103/PhysRevA.89.042104},
  url = {https://link.aps.org/doi/10.1103/PhysRevA.89.042104}
}

@article{stoudenmire.alicea.2011,
  title = {{Interaction effects in topological superconducting wires supporting Majorana fermions}},
  author = {Stoudenmire, E. M. and Alicea, Jason and Starykh, Oleg A. and Fisher, Matthew P.A.},
  journal = {Phys. Rev. B},
  volume = {84},
  issue = {1},
  pages = {014503},
  numpages = {13},
  year = {2011},
  month = {Jul},
  publisher = {American Physical Society},
  doi = {http://doi.org/10.1103/PhysRevB.84.014503},
  url = {https://link.aps.org/doi/10.1103/PhysRevB.84.014503}
}



@book{beckenbach.1964,
author = {Beckenbach, E. F.},
title = {{Applied Combinatorial Mathematics}},
pages ={27--30},
year = {1964}
}


@book{suli.mayers.2003,
author = "Suli, Endre and Mayers, David",
address = "Cambridge",
booktitle = "An introduction to numerical analysis",
isbn = "0521810264",
keywords = "Numerical analysis",
language = "eng",
publisher = "Cambridge University Press",
title = "An introduction to numerical analysis ",
year = "2003",
}



@article{thomale.rachel.2013,
  title = {Tunneling spectra simulation of interacting {Majorana} wires},
  author = {Thomale, R. and Rachel, S. and Schmitteckert, P.},
  journal = {Phys. Rev. B},
  volume = {88},
  issue = {16},
  pages = {161103(R)},
  numpages = {5},
  year = {2013},
  month = {Oct},
  publisher = {American Physical Society},
  doi = {http://doi.org/10.1103/PhysRevB.88.161103},
  url = {http://doi.org/10.1103/PhysRevB.88.161103}
}

@article{penaranda.aguado.2018,
  title = {Quantifying wave-function overlaps in inhomogeneous {Majorana} nanowires},
  author = {Pe\~{n}aranda, F. and Aguado, R. and San-Jose, P. and Prada, E.},
  journal = {Phys. Rev. B},
  volume = {98},
  issue = {23},
  pages = {235406},
  numpages = {14},
  year = {2018},
  month = {Dec},
  publisher = {American Physical Society},
  doi = {http://doi.org/10.1103/PhysRevB.98.235406},
  url = {http://doi.org/10.1103/PhysRevB.98.235406}
}


@article{peng.pientka.2015,
	Author = {Peng, Y. and Pientka, F. and Glazman, L. I. and von Oppen, F.},
	Doi = {http://dx.doi.org/10.1103/PhysRevLett.114.106801},
	Issue = {10},
	Journal = {Phys. Rev. Lett.},
	Month = {Mar},
	Numpages = {5},
	Pages = {106801},
	Publisher = {American Physical Society},
	Title = {{Strong Localization of {Majorana} End States in Chains of Magnetic Adatoms}},
	Url = {https://link.aps.org/doi/10.1103/PhysRevLett.114.106801},
	Volume = {114},
	Year = {2015},
	Bdsk-Url-1 = {https://link.aps.org/doi/10.1103/PhysRevLett.114.106801},
	Bdsk-Url-2 = {http://dx.doi.org/10.1103/PhysRevLett.114.106801}}


@article{ptok.cichy.2018,
	doi = {http://doi.org/10.1088/1361-648x/aad659},
	url = {http://doi.org/10.1088/1361-648x/aad659},
	year = 2018,
	month = {aug},
	publisher = {{IOP} Publishing},
	volume = {30},
	pages = {355602},
	author = {A. Ptok and A. Cichy and T. Doma{\'{n}}ski},
	title = {Quantum engineering of {Majorana} quasiparticles in one-dimensional optical lattices},
	journal = {J. Phys.: Condens. Matter}
}

@article{ptok.kobialka.2017,
	Author = {Ptok, Andrzej and Kobia\l{}ka, Aksel and Doma\'{n}ski, Tadeusz},
	Doi = {http://dx.doi.org/10.1103/PhysRevB.96.195430},
	Issue = {19},
	Journal = {Phys. Rev. B},
	Month = {Nov},
	Numpages = {15},
	Pages = {195430},
	Publisher = {American Physical Society},
	Title = {Controlling the bound states in a quantum-dot hybrid nanowire},
	Url = {https://doi.org/doi/10.1103/PhysRevB.96.195430},
	Volume = {96},
	Year = {2017},
	Bdsk-Url-1 = {https://doi.org/doi/10.1103/PhysRevB.96.195430},
	Bdsk-Url-2 = {http://dx.doi.org/10.1103/PhysRevB.96.195430}}


@article{prada.aguado.2017,
  title = {Measuring {Majorana} nonlocality and spin structure with a quantum dot},
  author = {Prada, E. and Aguado, R. and San-Jose, P.},
  journal = {Phys. Rev. B},
  volume = {96},
  issue = {8},
  pages = {085418},
  numpages = {10},
  year = {2017},
  month = {Aug},
  publisher = {American Physical Society},
  doi = {http://doi.org/10.1103/PhysRevB.96.085418},
  url = {http://doi.org/10.1103/PhysRevB.96.085418}
}

@article{prelovsek.mierzejewski.2017,
author = {PrelovÅ¡ek, P. and Mierzejewski, M. and BariÅ¡iÄ, O. and Herbrych, J.},
title = {Density correlations and transport in models of many-body localization},
journal = { Ann. Phys. (Berl.)},
volume = {529},
pages = {1600362},
keywords = {manyâbody localization, charge and density dynamics, transport properties},
doi = {http://doi.org/10.1002/andp.201600362},
url = {https://onlinelibrary.wiley.com/doi/abs/10.1002/andp.201600362},
eprint = {https://onlinelibrary.wiley.com/doi/pdf/10.1002/andp.201600362},
year = {2017}
}


@article{read.green.2000,
  title = {Paired states of fermions in two dimensions with breaking of parity and time-reversal symmetries and the fractional quantum {H}all effect},
  author = {Read, N. and Green, Dmitry},
  journal = {Phys. Rev. B},
  volume = {61},
  issue = {15},
  pages = {10267},
  numpages = {0},
  year = {2000},
  month = {Apr},
  publisher = {American Physical Society},
  doi = {http://doi.org/10.1103/PhysRevB.61.10267},
  url = {https://link.aps.org/doi/10.1103/PhysRevB.61.10267}
}

@book{reed.simon.1978,
  added-at = {2010-10-02T18:22:22.000+0200},
  address = {New York},
  author = {Reed, M. and Simon, B.},
  biburl = {https://www.bibsonomy.org/bibtex/2b753f984b17082dfa24d0ac1865f56ef/brouder},
  interhash = {1c85002102c6e21fc5882fb408def92b},
  intrahash = {b753f984b17082dfa24d0ac1865f56ef},
  keywords = {imported},
  publisher = {Academic Press},
  timestamp = {2010-10-02T18:22:29.000+0200},
  title = {{Methods of Modern Mathematical Physics. IV Analysis
  of Operators}},
  year = 1978
}

@article{rigol.shastry.2008,
  title = {Drude weight in systems with open boundary conditions},
  author = {Rigol, Marcos and Shastry, B. Sriram},
  journal = {Phys. Rev. B},
  volume = {77},
  issue = {16},
  pages = {161101},
  numpages = {4},
  year = {2008},
  month = {Apr},
  publisher = {American Physical Society},
  doi = {https://doi.org/10.1103/PhysRevB.77.161101},
  url = {https://link.aps.org/doi/10.1103/PhysRevB.77.161101}
}


@article{rainis.trifunovic.2013,
  title = {Towards a realistic transport modeling in a superconducting nanowire with {Majorana} fermions},
  author = {Rainis, D. and Trifunovic, L. and Klinovaja, J. and Loss, D.},
  journal = {Phys. Rev. B},
  volume = {87},
  issue = {2},
  pages = {024515},
  numpages = {6},
  year = {2013},
  month = {Jan},
  publisher = {American Physical Society},
  doi = {http://doi.org/10.1103/PhysRevB.87.024515},
  url = {http://doi.org/10.1103/PhysRevB.87.024515}
}

@article{ruiz-tijerina.vernek.2015,
	Author = {Ruiz-Tijerina, David A. and Vernek, E. and Dias da Silva, L. G. G. V. and Egues, J. C.},
	Doi = {http://dx.doi.org/10.1103/PhysRevB.91.115435},
	Issue = {11},
	Journal = {Phys. Rev. B},
	Month = {Mar},
	Numpages = {17},
	Pages = {115435},
	Publisher = {American Physical Society},
	Title = {Interaction effects on a {Majorana} zero mode leaking into a quantum dot},
	Url = {https://link.aps.org/doi/10.1103/PhysRevB.91.115435},
	Volume = {91},
	Year = {2015},
	Bdsk-Url-1 = {https://link.aps.org/doi/10.1103/PhysRevB.91.115435},
	Bdsk-Url-2 = {http://dx.doi.org/10.1103/PhysRevB.91.115435}}



@Article{runge.1895,
author={Runge, C.},
title={{Ueber die numerische Aufl{\"o}sung von Differentialgleichungen}},
journal={Math. Ann.},
year={1895},
volume={46},
pages={167},
issn={1432-1807},
doi={http://doi.org/10.1007/BF01446807},
url={https://doi.org/10.1007/BF01446807}
}



@article{wieckowski.maska.2018,
  title = "{Identification of {Majorana} Modes in Interacting Systems by Local Integrals of Motion}",
  author = {Wi\k{e}ckowski, Andrzej and Ma\'{s}ka, Maciej M. and Mierzejewski, Marcin},
  journal = {Phys. Rev. Lett.},
  volume = {120},
  issue = {4},
  pages = {040504},
  numpages = {6},
  year = {2018},
  publisher = {American Physical Society},
  doi = "http://dx.doi.org/10.1103/PhysRevLett.120.040504",
  url = {https://link.aps.org/doi/10.1103/PhysRevLett.120.040504}
}

@article{wieckowski.ptok.2019,
  title = {Influence of long-range interaction on {M}ajorana zero modes},
  author = {Wi\k{e}ckowski, Andrzej and Ptok, Andrzej},
  journal = {Phys. Rev. B},
  volume = {100},
  issue = {14},
  pages = {144510},
  numpages = {8},
  year = {2019},
  publisher = {American Physical Society},
  doi = {http://dx.doi.org/10.1103/PhysRevB.100.144510},
  url = {https://link.aps.org/doi/10.1103/PhysRevB.100.144510}
}

@article{wieckowski.mierzejewski.2020,
  title = {Majorana phase gate based on the geometric phase},
  author = {Wi\k{e}ckowski, Andrzej and Mierzejewski, Marcin and Kupczy\'{n}ski, Micha\l{}},
  journal = {Phys. Rev. B},
  volume = {101},
  issue = {1},
  pages = {014504},
  numpages = {10},
  year = {2020},
  month = {Jan},
  publisher = {American Physical Society},
  doi = {http://dx.doi.org/10.1103/PhysRevB.101.014504},
  url = {https://link.aps.org/doi/10.1103/PhysRevB.101.014504}
}


@Article{wilczek.2009,
author={Wilczek, Frank},
title={Majorana returns},
journal={Nat. Phys.},
year={2009},
volume={5},
pages={614},
abstract={In his short career, Ettore Majorana made several profound contributions. One of them, his concept of 'Majorana fermions' -- particles that are their own antiparticle -- is finding ever wider relevance in modern physics.},
issn={1745-2481},
doi={https://doi.org/10.1038/nphys1380},
url={https://doi.org/10.1038/nphys1380}
}


@article{weisse.wellein.2006,
  title = {The kernel polynomial method},
  author = {Wei\ss{}e, Alexander and Wellein, Gerhard and Alvermann, Andreas and Fehske, Holger},
  journal = {Rev. Mod. Phys.},
  volume = {78},
  issue = {1},
  pages = {275},
  numpages = {0},
  year = {2006},
  month = {Mar},
  publisher = {American Physical Society},
  doi = {https://doi.org/10.1103/RevModPhys.78.275},
  url = {https://link.aps.org/doi/10.1103/RevModPhys.78.275}
}


@article{vega.1993,
	Author = {Go. Torres-Vega},
	Doi = {http://doi.org/10.1063/1.465299},
	Journal = {J. Chem. Phys.},
	Pages = {1824},
	Title = {{Chebyshev scheme for the propagation of quantum wave functions in phase space}},
	Url = {https://doi.org/10.1063/1.465299},
	Volume = {99},
	Year = {1993},
	Bdsk-Url-1 = {https://doi.org/10.1063/1.465299},
	Bdsk-Url-2 = {http://dx.doi.org/10.1063/1.465299}}

@article{vuik.eeltink.2016,
	doi = {https://doi.org/10.1088/1367-2630/18/3/033013},
	url = {https://doi.org/10.1088%2F1367-2630%2F18%2F3%2F033013},
	year = 2016,
	month = {mar},
	publisher = {{IOP} Publishing},
	volume = {18},
	pages = {033013},
	author = {A Vuik and D Eeltink and A R Akhmerov and M Wimmer},
	title = {Effects of the electrostatic environment on the {Majorana} nanowire devices},
	journal = {New J. Phys.}
}
 
@Article{yu.ge.2015,
author={Yu, Li-Wei
and Ge, Mo-Lin},
title={More about the doubling degeneracy operators associated with {M}ajorana fermions and {Y}ang-{B}axter equation},
journal={Sci. Rep.},
year={2015},
volume={5},
pages={8102},
issn={2045-2322},
doi={https://doi.org/10.1038/srep08102},
url={https://doi.org/10.1038/srep08102}
}



%%%%%%%%%%%%%%%%%

@article{deng.yu.2012,
	Author = {Deng, M. T. and Yu, C. L. and Huang, G. Y. and Larsson, M. and Caroff, P. and Xu, H. Q.},
	Doi = {http://doi.org/10.1021/nl303758w},
	Journal = {Nano Lett.},
	Pages = {6414},
	Title = {Anomalous Zero-Bias Conductance Peak in a {Nb--InSb} Nanowire--{Nb} Hybrid Device},
	Url = {http://doi.org/10.1021/nl303758w},
	Volume = {12},
	Year = {2012},
	Bdsk-Url-1 = {http://doi.org/10.1021/nl303758w}}

@article{das.ronen.2012,
	Author = {Das, A. and Ronen, Y. and Most, Y. and Oreg, Y. and Heiblum, M. and Shtrikman, H.},
	Day = {11},
	Doi = {http://doi.org/10.1038/nphys2479},
	Journal = {Nat. Phys.},
	Month = {Nov},
	Pages = {887},
	Title = {Zero-bias peaks and splitting in an {Al-InAs} nanowire topological superconductor as a signature of {Majorana} fermions},
	Url = {http://doi.org/10.1038/nphys2479},
	Volume = {8},
	Year = {2012},
	Bdsk-Url-1 = {http://doi.org/10.1038/nphys2479}}
	
	@article{finck.vanharlingen.2013,
	Author = {Finck, A. D. K. and Van Harlingen, D. J. and Mohseni, P. K. and Jung, K. and Li, X.},
	Doi = {http://doi.org/10.1103/PhysRevLett.110.126406},
	Issue = {12},
	Journal = {Phys. Rev. Lett.},
	Month = {Mar},
	Numpages = {5},
	Pages = {126406},
	Publisher = {American Physical Society},
	Title = {{Anomalous Modulation of a Zero-Bias Peak in a Hybrid Nanowire-Superconductor Device}},
	Url = {http://doi.org/10.1103/PhysRevLett.110.126406},
	Volume = {110},
	Year = {2013},
	Bdsk-Url-1 = {http://doi.org/10.1103/PhysRevLett.110.126406}}

@article{nichele.drachmann.2017,
	Author = {Nichele, F. and Drachmann, A. C. C. and Whiticar, A. M. and O'Farrell, E. C. T. and Suominen, H. J. and Fornieri, A. and Wang, T. and Gardner, G. C. and Thomas, C. and Hatke, A. T. and Krogstrup, P. and Manfra, M. J. and Flensberg, K. and Marcus, Ch. M.},
	Doi = {http://doi.org/10.1103/PhysRevLett.119.136803},
	Issue = {13},
	Journal = {Phys. Rev. Lett.},
	Month = {Sep},
	Numpages = {5},
	Pages = {136803},
	Publisher = {American Physical Society},
	Title = {Scaling of {Majorana} Zero-Bias Conductance Peaks},
	Url = {http://doi.org/10.1103/PhysRevLett.119.136803},
	Volume = {119},
	Year = {2017},
	Bdsk-Url-1 = {http://doi.org/10.1103/PhysRevLett.119.136803}}

@article{gul.zhang.2018,
	Author = {G{\"u}l, {\"O}. and Zhang, H. and Bommer, J. D. S. and de Moor, M. W. A. and Car, D. and Plissard, S. R. and Bakkers, E. P. A. M. and Geresdi, A. and Watanabe, K. and Taniguchi, T. and Kouwenhoven, L. P.},
	Doi = {http://doi.org/10.1038/s41565-017-0032-8},
	Issn = {1748-3395},
	Journal = {Nat. Nanotech.},
	Pages = {192},
	Title = {Ballistic {Majorana} nanowire devices},
	Url = {http://doi.org/10.1038/s41565-017-0032-8},
	Volume = {13},
	Year = {2018},
	Bdsk-Url-1 = {http://doi.org/10.1038/s41565-017-0032-8}}

@article{deng.vaitiekenas.2016,
	Author = {Deng, M. T. and Vaitiek\.{e}nas, S. and Hansen, E. B. and Danon, J. and Leijnse, M. and Flensberg, K. and Nyg{\aa}rd, J. and Krogstrup, P. and Marcus, C. M.},
	Doi = {http://dx.doi.org/10.1126/science.aaf3961},
	Issn = {0036-8075},
	Journal = {Science},
	Pages = {1557},
	Title = {Majorana bound state in a coupled quantum-dot hybrid-nanowire system},
	Url = {http://10.1126/science.aaf3961},
	Volume = {354},
	Year = {2016},
	Bdsk-Url-1 = {http://10.1126/science.aaf3961},
	Bdsk-Url-2 = {http://dx.doi.org/10.1126/science.aaf3961}}

@article{zhang.liu.2018,
	Author = {Zhang, Hao and Liu, Chun-Xiao and Gazibegovic, Sasa and Xu, Di and Logan, John A and Wang, Guanzhong and Van Loo, Nick and Bommer, Jouri DS and De Moor, Michiel WA and Car, Diana and others},
	Doi = {http://dx.doi.org/10.1038/nature26142},
	Journal = {Nature},
	Pages = {74},
	Publisher = {Nature Publishing Group},
	Title = {Quantized {Majorana} conductance},
	Volume = {556},
	Year = {2018},
	Bdsk-Url-1 = {http://dx.doi.org/10.1038/nature26142}}

@article{wang.kong.2018,
	Author = {Wang, Dongfei and Kong, Lingyuan and Fan, Peng and Chen, Hui and Zhu, Shiyu and Liu, Wenyao and Cao, Lu and Sun, Yujie and Du, Shixuan and Schneeloch, John and Zhong, Ruidan and Gu, Genda and Fu, Liang and Ding, Hong and Gao, Hong-Jun},
	Doi = {http://doi.org/10.1126/science.aao1797},
	Issn = {0036-8075},
	Journal = {Science},
	Pages = {333},
	Publisher = {American Association for the Advancement of Science},
	Title = {{Evidence for Majorana bound states in an iron-based superconductor}},
	Url = {http://doi.org/10.1126/science.aao1797},
	Volume = {362},
	Year = {2018},
	Bdsk-Url-1 = {http://doi.org/10.1126/science.aao1797}}

@article{pawlak.kisiel.2016,
	Author = {Pawlak, R. and Kisiel, M. and Klinovaja, J. and Meier, T. and Kawai, S. and Glatzel, T. and Loss, D. and Meyer, E.},
	Day = {29},
	Doi = {http://doi.org/10.1038/npjqi.2016.35},
	Journal = {njp Quantum Inf.},
	Month = {Nov},
	Pages = {16035},
	Title = {Probing atomic structure and {Majorana} wavefunctions in mono-atomic {Fe} chains on superconducting {Pb} surface},
	Url = {http://doi.org/10.1038/npjqi.2016.35},
	Volume = {2},
	Year = {2016},
	Bdsk-Url-1 = {http://doi.org/10.1038/npjqi.2016.35}}

@article{feldman.randeria.2016,
	Author = {Feldman, B. E. and Randeria, M. T. and Li, J. and Jeon, S. and Xie, Y. and Wang, Z. and Drozdov, I. K. and Bernevig, B. A. and Yazdani, A.},
	Day = {07},
	Doi = {http://doi.org/10.1038/nphys3947},
	Journal = {Nat. Phys.},
	Month = {Nov},
	Pages = {286},
	Publisher = {Nature Publishing Group SN -},
	Title = {High-resolution studies of the {Majorana} atomic chain platform},
	Url = {http://doi.org/10.1038/nphys3947},
	Volume = {13},
	Year = {2016},
	Bdsk-Url-1 = {http://doi.org/10.1038/nphys3947}}

@article{ruby.heinrich.2017,
	Author = {Ruby, M. and Heinrich, B. W. and Peng, Y. and von Oppen, F. and Franke, K. J.},
	Doi = {http://doi.org/10.1021/acs.nanolett.7b01728},
	Journal = {Nano Lett.},
	Pages = {4473},
	Title = {Exploring a Proximity-Coupled {Co} Chain on {Pb(110)} as a Possible {Majorana} Platform},
	Url = {http://doi.org/10.1021/acs.nanolett.7b01728},
	Volume = {17},
	Year = {2017},
	Bdsk-Url-1 = {http://doi.org/10.1021/acs.nanolett.7b01728}}


@article{jeon.xie.2017,
	Author = {Jeon, S. and Xie, Y. and Li, J. and Wang, Z. and Bernevig, B. A. and Yazdani, A.},
	Doi = {http://doi.org/10.1126/science.aan3670},
	Issn = {0036-8075},
	Journal = {Science},
	Pages = {772},
	Title = {Distinguishing a {Majorana} zero mode using spin-resolved measurements},
	Url = {http://doi.org/10.1126/science.aan3670},
	Volume = {358},
	Year = {2017},
	Bdsk-Url-1 = {http://doi.org/10.1126/science.aan3670}}

@article{kim.palaciomorales.2018,
	Author = {Kim, H. and Palacio-Morales, A. and Posske, T. and R{\'o}zsa, L. and Palot{\'a}s, K. and Szunyogh, L. and Thorwart, M. and Wiesendanger, R.},
	Doi = {http://doi.org/10.1126/sciadv.aar5251},
	Journal = {Sci. Adv.},
	Pages = {eaar5251},
	Title = {Toward tailoring {Majorana} bound states in artificially constructed magnetic atom chains on elemental superconductors},
	Url = {http://doi.org/10.1126/sciadv.aar5251},
	Volume = {4},
	Year = {2018},
	Bdsk-Url-1 = {http://doi.org/10.1126/sciadv.aar5251}}

@article{sun.jia.2017,
	Author = {Sun, Hao-Hua and Jia, Jin-Feng},
	Doi = {http://dx.doi.org/10.1038/s41535-017-0037-4},
	Journal = {npj Quant. Mater.},
	Pages = {34},
	Publisher = {Nature Publishing Group},
	Title = {{Detection of Majorana zero mode in the vortex}},
	Volume = {2},
	Year = {2017},
	Bdsk-Url-1 = {http://dx.doi.org/10.1038/s41535-017-0037-4}}

@article{machida.sun.2019,
	Author = {Machida, T. and Sun, Y. and Pyon, S. and Takeda, S. and Kohsaka, Y. and Hanaguri, T. and Sasagawa, T. and Tamegai, T.},
	Doi = {https://doi.org/10.1038/s41563-019-0397-1},
	Issn = {1476-4660},
	Journal = {Nat. Mater.},
	Pages = {811},
	Title = {{Zero-energy vortex bound state in the superconducting topological surface state of Fe(Se,Te)}},
	Url = {https://doi.org/10.1038/s41563-019-0397-1},
	Volume = {18},
	Year = {2019},
	Bdsk-Url-1 = {https://doi.org/10.1038/s41563-019-0397-1},
	Bdsk-Url-2 = {http://dx.doi.org/10.1038/s41563-019-0397-1}}

@article{jiang.dai.2019,
	Author = {Jiang, Kun and Dai, Xi and Wang, Ziqiang},
	Doi = {http://dx.doi.org/10.1103/PhysRevX.9.011033},
	Issue = {1},
	Journal = {Phys. Rev. X},
	Month = {Feb},
	Numpages = {9},
	Pages = {011033},
	Publisher = {American Physical Society},
	Title = {{Quantum Anomalous Vortex and Majorana Zero Mode in Iron-Based Superconductor Fe(Te,Se)}},
	Url = {https://link.aps.org/doi/10.1103/PhysRevX.9.011033},
	Volume = {9},
	Year = {2019},
	Bdsk-Url-1 = {https://link.aps.org/doi/10.1103/PhysRevX.9.011033},
	Bdsk-Url-2 = {http://dx.doi.org/10.1103/PhysRevX.9.011033}}

 

@article {chiu.machida.2019,
	author = {Chiu, Ching-Kai and Machida, T. and Huang, Yingyi and Hanaguri, T. and Zhang, Fu-Chun},
	title = {{Scalable Majorana vortex modes in iron-based superconductors}},
	volume = {6},
	number = {9},
	elocation-id = {eaay0443},
	year = {2020},
	doi = {http://dx.doi.org/10.1126/sciadv.aay0443},
	publisher = {American Association for the Advancement of Science},
	URL = {https://advances.sciencemag.org/content/6/9/eaay0443},
	journal = {Sci. Adv.}
}




@article{menard.guissart.2017,
	Author = {M{\'e}nard, G. C. and Guissart, S. and Brun, Ch. and Leriche, R. T. and Trif, M. and Debontridder, F. and Demaille, D. and Roditchev, D. and Simon, P. and Cren, T.},
	Doi = {http://doi.org/10.1038/s41467-017-02192-x},
	Issn = {2041-1723},
	Journal = {Nat. Commun.},
	Pages = {2040},
	Title = {Two-dimensional topological superconductivity in {Pb/Co/Si(111)}},
	Url = {http://doi.org/10.1038/s41467-017-02192-x},
	Volume = {8},
	Year = {2017},
	Bdsk-Url-1 = {http://doi.org/10.1038/s41467-017-02192-x}}

@article {palaciomorales.mascot.2018,
	author = {Palacio-Morales, Alexandra and Mascot, Eric and Cocklin, Sagen and Kim, Howon and Rachel, Stephan and Morr, Dirk K. and Wiesendanger, Roland},
	title = {{Atomic-scale interface engineering of Majorana edge modes in a 2D magnet-superconductor hybrid system}},
	volume = {5},
	number = {7},
	elocation-id = {eaav6600},
	year = {2019},
	doi = {http://doi.org/10.1126/sciadv.aav6600},
	publisher = {American Association for the Advancement of Science},
	URL = {https://advances.sciencemag.org/content/5/7/eaav6600},
	eprint = {https://advances.sciencemag.org/content/5/7/eaav6600.full.pdf},
	journal = {Sci. Adv.}
}
	
	
	
%%% UPDATE: after first feedback
@article{pawlak.hoffman.2019,
title = "Majorana fermions in magnetic chains",
journal = "Prog. Part. Nucl. Phys.",
volume = "107",
pages = "1",
year = "2019",
issn = "0146-6410",
doi = "https://doi.org/10.1016/j.ppnp.2019.04.004",
url = "http://www.sciencedirect.com/science/article/pii/S0146641019300316",
author = "RÃ©my Pawlak and Silas Hoffman and Jelena Klinovaja and Daniel Loss and Ernst Meyer",
}



@article{chamon.jackiw.2010,
  title = {{Quantizing Majorana fermions in a superconductor}},
  author = {Chamon, C. and Jackiw, R. and Nishida, Y. and Pi, S.-Y. and Santos, L.},
  journal = {Phys. Rev. B},
  volume = {81},
  issue = {22},
  pages = {224515},
  numpages = {10},
  year = {2010},
  month = {Jun},
  publisher = {American Physical Society},
  doi = {https://doi.org/10.1103/PhysRevB.81.224515},
  url = {https://link.aps.org/doi/10.1103/PhysRevB.81.224515}
}

@article{beenakker.2014,
  title = {{Annihilation of Colliding Bogoliubov Quasiparticles Reveals their Majorana Nature}},
  author = {Beenakker, C. W. J.},
  journal = {Phys. Rev. Lett.},
  volume = {112},
  issue = {7},
  pages = {070604},
  numpages = {5},
  year = {2014},
  month = {Feb},
  publisher = {American Physical Society},
  doi = {https://doi.org/10.1103/PhysRevLett.112.070604},
  url = {https://link.aps.org/doi/10.1103/PhysRevLett.112.070604}
}


@article{alicea.2012,
	doi = {https://doi.org/10.1088/0034-4885/75/7/076501},
	url = {https://doi.org/10.1088%2F0034-4885%2F75%2F7%2F076501},
	year = 2012,
	month = {jun},
	publisher = {{IOP} Publishing},
	volume = {75},
	pages = {076501},
	author = {Jason Alicea},
	title = {{New directions in the pursuit of Majorana fermions in solid state systems}},
	journal = {Rep. Prog. Phys.},
}

@article{sato.yoichi.2017,
	doi = {https://doi.org/10.1088/1361-6633/aa6ac7},
	url = {https://doi.org/10.1088%2F1361-6633%2Faa6ac7},
	year = 2017,
	month = {may},
	publisher = {{IOP} Publishing},
	volume = {80},
	pages = {076501},
	author = {Masatoshi Sato and Yoichi Ando},
	title = {Topological superconductors: a review},
	journal = {Rep. Prog. Phys.},
}

@article{cheng.lutchyn.2012,
  title = {{Topological protection of Majorana qubits}},
  author = {Cheng, Meng and Lutchyn, Roman M. and Das Sarma, S.},
  journal = {Phys. Rev. B},
  volume = {85},
  issue = {16},
  pages = {165124},
  numpages = {8},
  year = {2012},
  month = {Apr},
  publisher = {American Physical Society},
  doi = {https://doi.org/10.1103/PhysRevB.85.165124},
  url = {https://link.aps.org/doi/10.1103/PhysRevB.85.165124}
}

@article{hasan.kane.2010,
  title = {Colloquium: Topological insulators},
  author = {Hasan, M. Z. and Kane, C. L.},
  journal = {Rev. Mod. Phys.},
  volume = {82},
  issue = {4},
  pages = {3045},
  numpages = {0},
  year = {2010},
  month = {Nov},
  publisher = {American Physical Society},
  doi = {https://doi.org/10.1103/RevModPhys.82.3045},
  url = {https://link.aps.org/doi/10.1103/RevModPhys.82.3045}
}

@article{beenakker.2013,
author = {Beenakker, C.W.J.},
title = {{Search for Majorana Fermions in Superconductors}},
journal = {Annu. Rev. Condens. Matter Phys},
volume = {4},
pages = {113},
year = {2013},
doi = {https://doi.org/10.1146/annurev-conmatphys-030212-184337},
URL = {https://doi.org/10.1146/annurev-conmatphys-030212-184337},
eprint = {https://doi.org/10.1146/annurev-conmatphys-030212-184337}
}

@article{elliott.franz.2015,
  title = {{Colloquium: Majorana fermions in nuclear, particle, and solid-state physics}},
  author = {Elliott, Steven R. and Franz, Marcel},
  journal = {Rev. Mod. Phys.},
  volume = {87},
  issue = {1},
  pages = {137},
  numpages = {27},
  year = {2015},
  month = {Feb},
  publisher = {American Physical Society},
  doi = {https://doi.org/10.1103/RevModPhys.87.137},
  url = {https://link.aps.org/doi/10.1103/RevModPhys.87.137}
}


@book{stanescu.2016,
  title={Introduction to Topological Quantum Matter \& Quantum Computation},
  author={Stanescu, T.D.},
  isbn={9781482245943},
  url={https://books.google.pl/books?id=LZa\_DQAAQBAJ},
  year={2016},
  publisher={CRC Press}
}

@article{lutchyn.sau.2010,
  title = {{Majorana Fermions and a Topological Phase Transition in Semiconductor-Superconductor Heterostructures}},
  author = {Lutchyn, Roman M. and Sau, Jay D. and Das Sarma, S.},
  journal = {Phys. Rev. Lett.},
  volume = {105},
  issue = {7},
  pages = {077001},
  numpages = {4},
  year = {2010},
  month = {Aug},
  publisher = {American Physical Society},
  doi = {https://doi.org/10.1103/PhysRevLett.105.077001},
  url = {https://link.aps.org/doi/10.1103/PhysRevLett.105.077001}
}

@article{oreg.refael.2010,
  title = {{Helical Liquids and Majorana Bound States in Quantum Wires}},
  author = {Oreg, Yuval and Refael, Gil and von Oppen, Felix},
  journal = {Phys. Rev. Lett.},
  volume = {105},
  issue = {17},
  pages = {177002},
  numpages = {4},
  year = {2010},
  month = {Oct},
  publisher = {American Physical Society},
  doi = {https://doi.org/10.1103/PhysRevLett.105.177002},
  url = {https://link.aps.org/doi/10.1103/PhysRevLett.105.177002}
}


@article{nadj-perge.drozdov.2013,
  title = {{Proposal for realizing Majorana fermions in chains of magnetic atoms on a superconductor}},
  author = {Nadj-Perge, S. and Drozdov, I. K. and Bernevig, B. A. and Yazdani, Ali},
  journal = {Phys. Rev. B},
  volume = {88},
  issue = {2},
  pages = {020407},
  numpages = {5},
  year = {2013},
  month = {Jul},
  publisher = {American Physical Society},
  doi = {https://doi.org/10.1103/PhysRevB.88.020407},
  url = {https://link.aps.org/doi/10.1103/PhysRevB.88.020407}
}

@article{choy.edge.2011,
  title = {Majorana fermions emerging from magnetic nanoparticles on a superconductor without spin-orbit coupling},
  author = {Choy, T.-P. and Edge, J. M. and Akhmerov, A. R. and Beenakker, C. W. J.},
  journal = {Phys. Rev. B},
  volume = {84},
  issue = {19},
  pages = {195442},
  numpages = {6},
  year = {2011},
  month = {Nov},
  publisher = {American Physical Society},
  doi = {https://doi.org/10.1103/PhysRevB.84.195442},
  url = {https://link.aps.org/doi/10.1103/PhysRevB.84.195442}
}


@article{kitaev.2003,
title = "Fault-tolerant quantum computation by anyons",
journal = "Ann. Phys.",
volume = "303",
pages = "2",
year = "2003",
issn = "0003-4916",
doi = "https://doi.org/10.1016/S0003-4916(02)00018-0",
url = "http://www.sciencedirect.com/science/article/pii/S0003491602000180",
author = "A.Yu. Kitaev",
abstract = "A two-dimensional quantum system with anyonic excitations can be considered as a quantum computer. Unitary transformations can be performed by moving the excitations around each other. Measurements can be performed by joining excitations in pairs and observing the result of fusion. Such computation is fault-tolerant by its physical nature."
}

@article{field.simula.2018,
	doi = {https://doi.org/10.1088/2058-9565/aacad2},
	url = {https://doi.org/10.1088%2F2058-9565%2Faacad2},
	year = 2018,
	month = {jul},
	publisher = {{IOP} Publishing},
	volume = {3},
	pages = {045004},
	author = {Bernard Field and Tapio Simula},
	title = {{Introduction to topological quantum computation with non-Abelian anyons}},
	journal = {Quantum Sci. Technol.},

}

@article{sarma.freedman.2005,
  title = {{Topologically Protected Qubits from a Possible Non-Abelian Fractional Quantum Hall State}},
  author = {Das Sarma, Sankar and Freedman, Michael and Nayak, Chetan},
  journal = {Phys. Rev. Lett.},
  volume = {94},
  issue = {16},
  pages = {166802},
  numpages = {4},
  year = {2005},
  month = {Apr},
  publisher = {American Physical Society},
  doi = {https://doi.org/10.1103/PhysRevLett.94.166802},
  url = {https://link.aps.org/doi/10.1103/PhysRevLett.94.166802}
}

@article{he.ng.2014,
  title = {{Selective Equal-Spin Andreev Reflections Induced by Majorana Fermions}},
  author = {He, James J. and Ng, T. K. and Lee, Patrick A. and Law, K. T.},
  journal = {Phys. Rev. Lett.},
  volume = {112},
  issue = {3},
  pages = {037001},
  numpages = {5},
  year = {2014},
  month = {Jan},
  publisher = {American Physical Society},
  doi = {https://doi.org/10.1103/PhysRevLett.112.037001},
  url = {https://link.aps.org/doi/10.1103/PhysRevLett.112.037001}
}

@article{law.lee.2009,
  title = {{Majorana Fermion Induced Resonant Andreev Reflection}},
  author = {Law, K. T. and Lee, Patrick A. and Ng, T. K.},
  journal = {Phys. Rev. Lett.},
  volume = {103},
  issue = {23},
  pages = {237001},
  numpages = {4},
  year = {2009},
  month = {Dec},
  publisher = {American Physical Society},
  doi = {https://doi.org/10.1103/PhysRevLett.103.237001},
  url = {https://link.aps.org/doi/10.1103/PhysRevLett.103.237001}
}

@article{flensberg.2010,
  title = {{Tunneling characteristics of a chain of Majorana bound states}},
  author = {Flensberg, Karsten},
  journal = {Phys. Rev. B},
  volume = {82},
  issue = {18},
  pages = {180516},
  numpages = {4},
  year = {2010},
  month = {Nov},
  publisher = {American Physical Society},
  doi = {https://doi.org/10.1103/PhysRevB.82.180516},
  url = {https://link.aps.org/doi/10.1103/PhysRevB.82.180516}
}

@article{prada.san-jose.2012,
  title = {{Transport spectroscopy of $NS$ nanowire junctions with Majorana fermions}},
  author = {Prada, Elsa and San-Jose, Pablo and Aguado, Ram\'on},
  journal = {Phys. Rev. B},
  volume = {86},
  issue = {18},
  pages = {180503},
  numpages = {5},
  year = {2012},
  month = {Nov},
  publisher = {American Physical Society},
  doi = {https://doi.org/10.1103/PhysRevB.86.180503},
  url = {https://link.aps.org/doi/10.1103/PhysRevB.86.180503}
}

@article{stanescu.tewari.2012,
  title = {{To Close or Not to Close: The Fate of the Superconducting Gap Across the Topological Quantum Phase Transition in Majorana-Carrying Semiconductor Nanowires}},
  author = {Stanescu, Tudor D. and Tewari, Sumanta and Sau, Jay D. and Das Sarma, S.},
  journal = {Phys. Rev. Lett.},
  volume = {109},
  issue = {26},
  pages = {266402},
  numpages = {5},
  year = {2012},
  month = {Dec},
  publisher = {American Physical Society},
  doi = {https://doi.org/10.1103/PhysRevLett.109.266402},
  url = {https://link.aps.org/doi/10.1103/PhysRevLett.109.266402}
}

@Article{lutchyn.bakkers.2018,
author={Lutchyn, R. M.
and Bakkers, E. P. A. M.
and Kouwenhoven, L. P.
and Krogstrup, P.
and Marcus, C. M.
and Oreg, Y.},
title={Majorana zero modes in superconductor-semiconductor heterostructures},
journal={Nat. Rev. Mater},
year={2018},
volume={3},
number={5},
pages={52},
issn={2058-8437},
doi={https://doi.org/10.1038/s41578-018-0003-1},
url={https://doi.org/10.1038/s41578-018-0003-1}
}

@article{liu.potter.2012,
  title = {{Zero-Bias Peaks in the Tunneling Conductance of Spin-Orbit-Coupled Superconducting Wires with and without Majorana End-States}},
  author = {Liu, Jie and Potter, Andrew C. and Law, K. T. and Lee, Patrick A.},
  journal = {Phys. Rev. Lett.},
  volume = {109},
  issue = {26},
  pages = {267002},
  numpages = {5},
  year = {2012},
  month = {Dec},
  publisher = {American Physical Society},
  doi = {https://doi.org/10.1103/PhysRevLett.109.267002},
  url = {https://link.aps.org/doi/10.1103/PhysRevLett.109.267002}
}

@article{kells.meidan.2012,
  title = {Near-zero-energy end states in topologically trivial spin-orbit coupled superconducting nanowires with a smooth confinement},
  author = {Kells, G. and Meidan, D. and Brouwer, P. W.},
  journal = {Phys. Rev. B},
  volume = {86},
  issue = {10},
  pages = {100503},
  numpages = {5},
  year = {2012},
  month = {Sep},
  publisher = {American Physical Society},
  doi = {https://doi.org/10.1103/PhysRevB.86.100503},
  url = {https://link.aps.org/doi/10.1103/PhysRevB.86.100503}
}

@article{klinovaja.stano.2012,
  title = {{Transition from Fractional to Majorana Fermions in Rashba Nanowires}},
  author = {Klinovaja, Jelena and Stano, Peter and Loss, Daniel},
  journal = {Phys. Rev. Lett.},
  volume = {109},
  issue = {23},
  pages = {236801},
  numpages = {5},
  year = {2012},
  month = {Dec},
  publisher = {American Physical Society},
  doi = {https://doi.org/10.1103/PhysRevLett.109.236801},
  url = {https://link.aps.org/doi/10.1103/PhysRevLett.109.236801}
}

@article{fulga.vanheck.2013,
  title = {Effects of disorder on {C}oulomb-assisted braiding of {M}ajorana zero modes},
  author = {Fulga, I. C. and van Heck, B. and Burrello, M. and Hyart, T.},
  journal = {Phys. Rev. B},
  volume = {88},
  issue = {15},
  pages = {155435},
  numpages = {6},
  year = {2013},
  month = {Oct},
  publisher = {American Physical Society},
  doi = {https://doi.org/10.1103/PhysRevB.88.155435},
  url = {https://link.aps.org/doi/10.1103/PhysRevB.88.155435}
}

@article{vanheck.hyart.2015,
	doi = {https://doi.org/10.1088/0031-8949/2015/t164/014007},
	url = {https://doi.org/10.1088%2F0031-8949%2F2015%2Ft164%2F014007},
	year = 2015,
	month = {aug},
	publisher = {{IOP} Publishing},
	volume = {T164},
	pages = {014007},
	author = {B van Heck and T Hyart and C W J Beenakker},
	title = {Minimal circuit for a flux-controlled {M}ajorana qubit in a quantum spin-Hall insulator},
	journal = {Phys. Scr.},
}

@article{vanheck.akhmerov.2012,
	doi = {https://doi.org/10.1088/1367-2630/14/3/035019},
	url = {https://doi.org/10.1088%2F1367-2630%2F14%2F3%2F035019},
	year = 2012,
	month = {mar},
	publisher = {{IOP} Publishing},
	volume = {14},
	number = {3},
	pages = {035019},
	author = {B van Heck and A R Akhmerov and F Hassler and M Burrello and C W J Beenakker},
	title = {Coulomb-assisted braiding of {M}ajorana fermions in a {J}osephson junction array},
	journal = {New J. Phys.},
}

@article{karzig.oreg.2016,
  title = {{Universal Geometric Path to a Robust Majorana Magic Gate}},
  author = {Karzig, Torsten and Oreg, Yuval and Refael, Gil and Freedman, Michael H.},
  journal = {Phys. Rev. X},
  volume = {6},
  issue = {3},
  pages = {031019},
  numpages = {14},
  year = {2016},
  month = {Aug},
  publisher = {American Physical Society},
  doi = {https://doi.org/10.1103/PhysRevX.6.031019},
  url = {https://link.aps.org/doi/10.1103/PhysRevX.6.031019}
}

@article{braunecker.simon.2013,
  title = {{Interplay between Classical Magnetic Moments and Superconductivity in Quantum One-Dimensional Conductors: Toward a Self-Sustained Topological Majorana Phase}},
  author = {Braunecker, Bernd and Simon, Pascal},
  journal = {Phys. Rev. Lett.},
  volume = {111},
  issue = {14},
  pages = {147202},
  numpages = {5},
  year = {2013},
  month = {Oct},
  publisher = {American Physical Society},
  doi = {https://doi.org/10.1103/PhysRevLett.111.147202},
  url = {https://link.aps.org/doi/10.1103/PhysRevLett.111.147202}
}

@article{pientka.glazman.2013,
  title = {Topological superconducting phase in helical {S}hiba chains},
  author = {Pientka, Falko and Glazman, Leonid I. and von Oppen, Felix},
  journal = {Phys. Rev. B},
  volume = {88},
  issue = {15},
  pages = {155420},
  numpages = {13},
  year = {2013},
  month = {Oct},
  publisher = {American Physical Society},
  doi = {https://doi.org/10.1103/PhysRevB.88.155420},
  url = {https://link.aps.org/doi/10.1103/PhysRevB.88.155420}
}

@article{li.chen.2014,
  title = {Topological superconductivity induced by ferromagnetic metal chains},
  author = {Li, Jian and Chen, Hua and Drozdov, Ilya K. and Yazdani, A. and Bernevig, B. Andrei and MacDonald, A. H.},
  journal = {Phys. Rev. B},
  volume = {90},
  issue = {23},
  pages = {235433},
  numpages = {17},
  year = {2014},
  month = {Dec},
  publisher = {American Physical Society},
  doi = {https://doi.org/10.1103/PhysRevB.90.235433},
  url = {https://link.aps.org/doi/10.1103/PhysRevB.90.235433}
}

@article{kim.cheng.2014,
  title = {{Helical order in one-dimensional magnetic atom chains and possible emergence of Majorana bound states}},
  author = {Kim, Younghyun and Cheng, Meng and Bauer, Bela and Lutchyn, Roman M. and Das Sarma, S.},
  journal = {Phys. Rev. B},
  volume = {90},
  issue = {6},
  pages = {060401},
  numpages = {6},
  year = {2014},
  month = {Aug},
  publisher = {American Physical Society},
  doi = {https://doi.org/10.1103/PhysRevB.90.060401},
  url = {https://link.aps.org/doi/10.1103/PhysRevB.90.060401}
}

@article{heimes.mendler.2015,
	doi = {https://doi.org/10.1088/1367-2630/17/2/023051},
	url = {https://doi.org/10.1088%2F1367-2630%2F17%2F2%2F023051},
	year = 2015,
	month = {feb},
	publisher = {{IOP} Publishing},
	volume = {17},
	number = {2},
	pages = {023051},
	author = {Andreas Heimes and Daniel Mendler and Panagiotis Kotetes},
	title = {Interplay of topological phases in magnetic adatom-chains on top of a {R}ashba superconducting surface},
	journal = {New J. Phys.}
}

@article{braunecker.simon.2015,
  title = {Self-stabilizing temperature-driven crossover between topological and nontopological ordered phases in one-dimensional conductors},
  author = {Braunecker, Bernd and Simon, Pascal},
  journal = {Phys. Rev. B},
  volume = {92},
  issue = {24},
  pages = {241410},
  numpages = {5},
  year = {2015},
  month = {Dec},
  publisher = {American Physical Society},
  doi = {https://doi.org/10.1103/PhysRevB.92.241410},
  url = {https://link.aps.org/doi/10.1103/PhysRevB.92.241410}
}

@Article{miao.jin.2018,
author={Miao, Jian-Jian
and Jin, Hui-Ke
and Zhang, Fu-Chun
and Zhou, Yi},
title={Majorana zero modes and long range edge correlation in interacting {K}itaev chains: analytic solutions and density-matrix-renormalization-group study},
journal={Sci. Rep.},
year={2018},
volume={8},
number={1},
pages={488},
issn={2045-2322},
doi={https://doi.org/10.1038/s41598-017-17699-y},
url={https://doi.org/10.1038/s41598-017-17699-y}
}

@article{hua.chen.2019,
  title = {Disorder-induced {M}ajorana zero modes in a dimerized Kitaev superconductor chain},
  author = {Hua, Chun-Bo and Chen, Rui and Xu, Dong-Hui and Zhou, Bin},
  journal = {Phys. Rev. B},
  volume = {100},
  issue = {20},
  pages = {205302},
  numpages = {9},
  year = {2019},
  month = {Nov},
  publisher = {American Physical Society},
  doi = {https://doi.org/10.1103/PhysRevB.100.205302},
  url = {https://link.aps.org/doi/10.1103/PhysRevB.100.205302}
}

@article{padavic.hegde.2018,
  title = {{Topological phases, edge modes, and the Hofstadter butterfly in coupled Su-Schrieffer-Heeger systems}},
  author = {Padavi\ifmmode \acute{c}\else \'{c}\fi{}, Karmela and Hegde, Suraj S. and DeGottardi, Wade and Vishveshwara, Smitha},
  journal = {Phys. Rev. B},
  volume = {98},
  issue = {2},
  pages = {024205},
  numpages = {10},
  year = {2018},
  month = {Jul},
  publisher = {American Physical Society},
  doi = {https://doi.org/10.1103/PhysRevB.98.024205},
  url = {https://link.aps.org/doi/10.1103/PhysRevB.98.024205}
}

@article{wakatsuki.ezawa.2014,
  title = {{Fermion fractionalization to Majorana fermions in a dimerized Kitaev superconductor}},
  author = {Wakatsuki, Ryohei and Ezawa, Motohiko and Tanaka, Yukio and Nagaosa, Naoto},
  journal = {Phys. Rev. B},
  volume = {90},
  issue = {1},
  pages = {014505},
  numpages = {11},
  year = {2014},
  month = {Jul},
  publisher = {American Physical Society},
  doi = {https://doi.org/10.1103/PhysRevB.90.014505},
  url = {https://link.aps.org/doi/10.1103/PhysRevB.90.014505}
}

@article{vernek.penteado.2014,
  title = {Subtle leakage of a {M}ajorana mode into a quantum dot},
  author = {Vernek, E. and Penteado, P. H. and Seridonio, A. C. and Egues, J. C.},
  journal = {Phys. Rev. B},
  volume = {89},
  issue = {16},
  pages = {165314},
  numpages = {5},
  year = {2014},
  month = {Apr},
  publisher = {American Physical Society},
  doi = {https://doi.org/10.1103/PhysRevB.89.165314},
  url = {https://link.aps.org/doi/10.1103/PhysRevB.89.165314}
}

@article{liu.sau.2017,
  title = {Andreev bound states versus {M}ajorana bound states in quantum dot-nanowire-superconductor hybrid structures: {T}rivial versus topological zero-bias conductance peaks},
  author = {Liu, Chun-Xiao and Sau, Jay D. and Stanescu, Tudor D. and Das Sarma, S.},
  journal = {Phys. Rev. B},
  volume = {96},
  issue = {7},
  pages = {075161},
  numpages = {29},
  year = {2017},
  month = {Aug},
  publisher = {American Physical Society},
  doi = {https://doi.org/10.1103/PhysRevB.96.075161},
  url = {https://link.aps.org/doi/10.1103/PhysRevB.96.075161}
}

 

@article{chevallier.szumniak.2018,
  title = {{Topological phase detection in Rashba nanowires with a quantum dot}},
  author = {Chevallier, Denis and Szumniak, PaweÅ and Hoffman, Silas and Loss, Daniel and Klinovaja, Jelena},
  journal = {Phys. Rev. B},
  volume = {97},
  issue = {4},
  pages = {045404},
  numpages = {7},
  year = {2018},
  month = {Jan},
  publisher = {American Physical Society},
  doi = {https://doi.org/10.1103/PhysRevB.97.045404},
  url = {https://link.aps.org/doi/10.1103/PhysRevB.97.045404}
}

@article{miao.jin.2017,
  title = {{Exact Solution for the Interacting Kitaev Chain at the Symmetric Point}},
  author = {Miao, Jian-Jian and Jin, Hui-Ke and Zhang, Fu-Chun and Zhou, Yi},
  journal = {Phys. Rev. Lett.},
  volume = {118},
  issue = {26},
  pages = {267701},
  numpages = {5},
  year = {2017},
  month = {Jun},
  publisher = {American Physical Society},
  doi = {https://doi.org/10.1103/PhysRevLett.118.267701},
  url = {https://link.aps.org/doi/10.1103/PhysRevLett.118.267701}
}

@Article{jordan.wigner.1928,
author={Jordan, P.
and Wigner, E.},
title={{{\"U}ber das Paulische {\"A}quivalenzverbot}},
journal={Z. Phys.},
year={1928},
volume={47},
number={9},
pages={631},
issn={0044-3328},
doi={https://doi.org/10.1007/BF01331938},
url={https://doi.org/10.1007/BF01331938}
}



@article{sato.fujimoto.2009,
  title = {{Topological phases of noncentrosymmetric superconductors: Edge states, Majorana fermions, and non-Abelian statistics}},
  author = {Sato, Masatoshi and Fujimoto, Satoshi},
  journal = {Phys. Rev. B},
  volume = {79},
  issue = {9},
  pages = {094504},
  numpages = {16},
  year = {2009},
  month = {Mar},
  publisher = {American Physical Society},
  doi = {https://doi.org/10.1103/PhysRevB.79.094504},
  url = {https://link.aps.org/doi/10.1103/PhysRevB.79.094504}
}

@article{sato.takahashi.2009,
  title = {{Non-Abelian Topological Order in $s$-Wave Superfluids of Ultracold Fermionic Atoms}},
  author = {Sato, Masatoshi and Takahashi, Yoshiro and Fujimoto, Satoshi},
  journal = {Phys. Rev. Lett.},
  volume = {103},
  issue = {2},
  pages = {020401},
  numpages = {4},
  year = {2009},
  month = {Jul},
  publisher = {American Physical Society},
  doi = {https://doi.org/10.1103/PhysRevLett.103.020401},
  url = {https://link.aps.org/doi/10.1103/PhysRevLett.103.020401}
}

@article{sato.takahashi.2010,
  title = {{Non-Abelian topological orders and Majorana fermions in spin-singlet superconductors}},
  author = {Sato, Masatoshi and Takahashi, Yoshiro and Fujimoto, Satoshi},
  journal = {Phys. Rev. B},
  volume = {82},
  issue = {13},
  pages = {134521},
  numpages = {28},
  year = {2010},
  month = {Oct},
  publisher = {American Physical Society},
  doi = {https://doi.org/10.1103/PhysRevB.82.134521},
  url = {https://link.aps.org/doi/10.1103/PhysRevB.82.134521}
}

@article{sato.2006,
  title = {{Nodal structure of superconductors with time-reversal invariance and $Z_{2}$ topological number}},
  author = {Sato, Masatoshi},
  journal = {Phys. Rev. B},
  volume = {73},
  issue = {21},
  pages = {214502},
  numpages = {10},
  year = {2006},
  month = {Jun},
  publisher = {American Physical Society},
  doi = {https://doi.org/10.1103/PhysRevB.73.214502},
  url = {https://link.aps.org/doi/10.1103/PhysRevB.73.214502}
}

@article{kiczek.ptok.2017,
	doi = {https://doi.org/10.1088/1361-648x/aa93ab},
	url = {https://doi.org/10.1088%2F1361-648x%2Faa93ab},
	year = 2017,
	month = {dec},
	publisher = {{IOP} Publishing},
	volume = {29},
	number = {49},
	pages = {495301},
	author = {BartÅomiej Kiczek and Andrzej Ptok},
	title = {Influence of the orbital effects on the {M}ajorana quasi-particles in a nanowire},
	journal = {J. Phys. Condens. Matter},
}

@article{leijnse.flensberg.2012,
	doi = {https://doi.org/10.1088/0268-1242/27/12/124003},
	url = {https://doi.org/10.1088%2F0268-1242%2F27%2F12%2F124003},
	year = 2012,
	month = {nov},
	publisher = {{IOP} Publishing},
	volume = {27},
	number = {12},
	pages = {124003},
	author = {Martin Leijnse and Karsten Flensberg},
	title = {Introduction to topological superconductivity and {M}ajorana fermions},
	journal = {Semicond. Sci. Technol},
}

@book{bhattacharjee.mj.2017,
   title =     {{Topology and Condensed Matter Physics}},
   author =    {Somendra Mohan Bhattacharjee, Mahan Mj, Abhijit Bandyopadhyay},
   publisher = {Springer Singapore},
   isbn =      { 978-981-10-6840-9,978-981-10-6841-6,978-93-86279-66-8 },
   year =      {2017},
   series =    {Texts and Readings in Physical Sciences 19},
   edition =   {1},
   volume =    {},
   url =       {http://gen.lib.rus.ec/book/index.php?md5=B5216772190452F31F4D02F0CB0F6CF2}}
   
   
@article{manousakis.wille.2020,
  title = {{Weak Measurement Protocols for Majorana Bound State Identification}},
  author = {Manousakis, J. and Wille, C. and Altland, A. and Egger, R. and Flensberg, K. and Hassler, F.},
  journal = {Phys. Rev. Lett.},
  volume = {124},
  issue = {9},
  pages = {096801},
  numpages = {7},
  year = {2020},
  month = {Mar},
  publisher = {American Physical Society},
  doi = {https://doi.org/10.1103/PhysRevLett.124.096801},
  url = {https://link.aps.org/doi/10.1103/PhysRevLett.124.096801}
}

@article{danon.hellenes.2020,
  title = {{Nonlocal Conductance Spectroscopy of Andreev Bound States: Symmetry Relations and BCS Charges}},
  author = {Danon, Jeroen and Hellenes, Anna Birk and Hansen, Esben Bork and Casparis, Lucas and Higginbotham, Andrew P. and Flensberg, Karsten},
  journal = {Phys. Rev. Lett.},
  volume = {124},
  issue = {3},
  pages = {036801},
  numpages = {6},
  year = {2020},
  month = {Jan},
  publisher = {American Physical Society},
  doi = {https://doi.org/10.1103/PhysRevLett.124.036801},
  url = {https://link.aps.org/doi/10.1103/PhysRevLett.124.036801}
}

@article{schulenborg.flensberg.2020,
  title = {Absence of supercurrent sign reversal in a topological junction with a quantum dot},
  author = {Schulenborg, J. and Flensberg, K.},
  journal = {Phys. Rev. B},
  volume = {101},
  issue = {1},
  pages = {014512},
  numpages = {9},
  year = {2020},
  month = {Jan},
  publisher = {American Physical Society},
  doi = {https://doi.org/10.1103/PhysRevB.101.014512},
  url = {https://link.aps.org/doi/10.1103/PhysRevB.101.014512}
}

@article{wille.egger.2019,
  title = {{Simulating topological tensor networks with Majorana qubits}},
  author = {Wille, C. and Egger, R. and Eisert, J. and Altland, A.},
  journal = {Phys. Rev. B},
  volume = {99},
  issue = {11},
  pages = {115117},
  numpages = {19},
  year = {2019},
  month = {Mar},
  publisher = {American Physical Society},
  doi = {https://doi.org/10.1103/PhysRevB.99.115117},
  url = {https://link.aps.org/doi/10.1103/PhysRevB.99.115117}
}

@article{lai.sau.2019,
  title = {{Presence versus absence of end-to-end nonlocal conductance correlations in Majorana nanowires: Majorana bound states versus Andreev bound states}},
  author = {Lai, Yi-Hua and Sau, Jay D. and Das Sarma, Sankar},
  journal = {Phys. Rev. B},
  volume = {100},
  issue = {4},
  pages = {045302},
  numpages = {15},
  year = {2019},
  month = {Jul},
  publisher = {American Physical Society},
  doi = {https://doi.org/10.1103/PhysRevB.100.045302},
  url = {https://link.aps.org/doi/10.1103/PhysRevB.100.045302}
}

@article{tuovinen.perfetto.2019,
	doi = {https://doi.org/10.1088/1367-2630/ab4ab7},
	url = {https://doi.org/10.1088%2F1367-2630%2Fab4ab7},
	year = 2019,
	month = {oct},
	publisher = {{IOP} Publishing},
	volume = {21},
	number = {10},
	pages = {103038},
	author = {Riku Tuovinen and Enrico Perfetto and Robert van Leeuwen and Gianluca Stefanucci and Michael A Sentef},
	title = {{Distinguishing Majorana zero modes from impurity states through time-resolved transport}},
	journal = {New J. Phys}
}

@article{yavilberg.ginossar.2019,
  title = {{Differentiating Majorana from Andreev bound states in a superconducting circuit}},
  author = {Yavilberg, Konstantin and Ginossar, Eran and Grosfeld, Eytan},
  journal = {Phys. Rev. B},
  volume = {100},
  issue = {24},
  pages = {241408},
  numpages = {5},
  year = {2019},
  month = {Dec},
  publisher = {American Physical Society},
  doi = {https://doi.org/10.1103/PhysRevB.100.241408},
  url = {https://link.aps.org/doi/10.1103/PhysRevB.100.241408}
}

@article{moore.stanescu.2018,
  title = {{Two-terminal charge tunneling: Disentangling Majorana zero modes from partially separated Andreev bound states in semiconductor-superconductor heterostructures}},
  author = {Moore, Christopher and Stanescu, Tudor D. and Tewari, Sumanta},
  journal = {Phys. Rev. B},
  volume = {97},
  issue = {16},
  pages = {165302},
  numpages = {14},
  year = {2018},
  month = {Apr},
  publisher = {American Physical Society},
  doi = {https://doi.org/10.1103/PhysRevB.97.165302},
  url = {https://link.aps.org/doi/10.1103/PhysRevB.97.165302}
}

@article{zazunov.plugge.2018,
  title = {{Fermi-Liquid Approach for Superconducting Kondo Problems}},
  author = {Zazunov, Alex and Plugge, Stephan and Egger, Reinhold},
  journal = {Phys. Rev. Lett.},
  volume = {121},
  issue = {20},
  pages = {207701},
  numpages = {6},
  year = {2018},
  month = {Nov},
  publisher = {American Physical Society},
  doi = {https://doi.org/10.1103/PhysRevLett.121.207701},
  url = {https://link.aps.org/doi/10.1103/PhysRevLett.121.207701}
}

@article{liu.sau.2018,
  title = {{Distinguishing topological Majorana bound states from trivial Andreev bound states: Proposed tests through differential tunneling conductance spectroscopy}},
  author = {Liu, Chun-Xiao and Sau, Jay D. and Das Sarma, S.},
  journal = {Phys. Rev. B},
  volume = {97},
  issue = {21},
  pages = {214502},
  numpages = {7},
  year = {2018},
  month = {Jun},
  publisher = {American Physical Society},
  doi = {https://doi.org/10.1103/PhysRevB.97.214502},
  url = {https://link.aps.org/doi/10.1103/PhysRevB.97.214502}
}

@article{hell.flensberg.2018,
  title = {{Distinguishing Majorana bound states from localized Andreev bound states by interferometry}},
  author = {Hell, Michael and Flensberg, Karsten and Leijnse, Martin},
  journal = {Phys. Rev. B},
  volume = {97},
  issue = {16},
  pages = {161401},
  numpages = {6},
  year = {2018},
  month = {Apr},
  publisher = {American Physical Society},
  doi = {https://doi.org/10.1103/PhysRevB.97.161401},
  url = {https://link.aps.org/doi/10.1103/PhysRevB.97.161401}
}

@article{gau.plugge.2018,
  title = {{Quantum transport in coupled Majorana box systems}},
  author = {Gau, Matthias and Plugge, Stephan and Egger, Reinhold},
  journal = {Phys. Rev. B},
  volume = {97},
  issue = {18},
  pages = {184506},
  numpages = {23},
  year = {2018},
  month = {May},
  publisher = {American Physical Society},
  doi = {https://doi.org/10.1103/PhysRevB.97.184506},
  url = {https://link.aps.org/doi/10.1103/PhysRevB.97.184506}
}

@article{karzig.refael.2013,
  title = {{Boosting Majorana Zero Modes}},
  author = {Karzig, Torsten and Refael, Gil and von Oppen, Felix},
  journal = {Phys. Rev. X},
  volume = {3},
  issue = {4},
  pages = {041017},
  numpages = {16},
  year = {2013},
  month = {Nov},
  publisher = {American Physical Society},
  doi = {https://doi.org/10.1103/PhysRevX.3.041017},
  url = {https://link.aps.org/doi/10.1103/PhysRevX.3.041017}
}

@article{alecce.dellanna.2017,
  title = {{Extended Kitaev chain with longer-range hopping and pairing}},
  author = {Alecce, Antonio and Dell'Anna, Luca},
  journal = {Phys. Rev. B},
  volume = {95},
  issue = {19},
  pages = {195160},
  numpages = {14},
  year = {2017},
  month = {May},
  publisher = {American Physical Society},
  doi = {https://doi.org/10.1103/PhysRevB.95.195160},
  url = {https://link.aps.org/doi/10.1103/PhysRevB.95.195160}
}

@article{shabani.kjaergaard.2016,
  title = {{Two-dimensional epitaxial superconductor-semiconductor heterostructures: A platform for topological superconducting networks}},
  author = {Shabani, J. and Kjaergaard, M. and Suominen, H. J. and Kim, Younghyun and Nichele, F. and Pakrouski, K. and Stankevic, T. and Lutchyn, R. M. and Krogstrup, P. and Feidenhans'l, R. and Kraemer, S. and Nayak, C. and Troyer, M. and Marcus, C. M. and Palmstr\o{}m, C. J.},
  journal = {Phys. Rev. B},
  volume = {93},
  issue = {15},
  pages = {155402},
  numpages = {6},
  year = {2016},
  month = {Apr},
  publisher = {American Physical Society},
  doi = {https://doi.org/10.1103/PhysRevB.93.155402},
  url = {https://link.aps.org/doi/10.1103/PhysRevB.93.155402}
}

@article{vanweperen.tarasinski.2015,
  title = {{Spin-orbit interaction in InSb nanowires}},
  author = {van Weperen, I. and Tarasinski, B. and Eeltink, D. and Pribiag, V. S. and Plissard, S. R. and Bakkers, E. P. A. M. and Kouwenhoven, L. P. and Wimmer, M.},
  journal = {Phys. Rev. B},
  volume = {91},
  issue = {20},
  pages = {201413},
  numpages = {5},
  year = {2015},
  month = {May},
  publisher = {American Physical Society},
  doi = {https://doi.org/10.1103/PhysRevB.91.201413},
  url = {https://link.aps.org/doi/10.1103/PhysRevB.91.201413}
}

@article{bonderson.freedman.2008,
  title = {{Measurement-Only Topological Quantum Computation}},
  author = {Bonderson, Parsa and Freedman, Michael and Nayak, Chetan},
  journal = {Phys. Rev. Lett.},
  volume = {101},
  issue = {1},
  pages = {010501},
  numpages = {4},
  year = {2008},
  month = {Jun},
  publisher = {American Physical Society},
  doi = {https://doi.org/10.1103/PhysRevLett.101.010501},
  url = {https://link.aps.org/doi/10.1103/PhysRevLett.101.010501}
}

@article{bonderson.freedman.2009,
title = "Measurement-only topological quantum computation via anyonic interferometry",
journal = "Ann. Phys.",
volume = "324",
number = "4",
pages = "787 - 826",
year = "2009",
issn = "0003-4916",
doi = "https://doi.org/10.1016/j.aop.2008.09.009",
url = "http://www.sciencedirect.com/science/article/pii/S0003491608001577",
author = "Parsa Bonderson and Michael Freedman and Chetan Nayak",
}

@article{hyart.vanheck.2013,
  title = {{Flux-controlled quantum computation with Majorana fermions}},
  author = {Hyart, T. and van Heck, B. and Fulga, I. C. and Burrello, M. and Akhmerov, A. R. and Beenakker, C. W. J.},
  journal = {Phys. Rev. B},
  volume = {88},
  issue = {3},
  pages = {035121},
  numpages = {17},
  year = {2013},
  month = {Jul},
  publisher = {American Physical Society},
  doi = {https://doi.org/10.1103/PhysRevB.88.035121},
  url = {https://link.aps.org/doi/10.1103/PhysRevB.88.035121}
}


@article{plugge.rasmussen.2017,
	doi = {https://doi.org/10.1088/1367-2630/aa54e1},
	url = {https://doi.org/10.1088%2F1367-2630%2Faa54e1},
	year = 2017,
	month = {jan},
	publisher = {{IOP} Publishing},
	volume = {19},
	number = {1},
	pages = {012001},
	author = {Stephan Plugge and Asbj{\o}rn Rasmussen and Reinhold Egger and Karsten Flensberg},
	title = {Majorana box qubits},
	journal = {New J. Phys.}
}

@article{vijay.fu.2016,
  title = {{Teleportation-based quantum information processing with Majorana zero modes}},
  author = {Vijay, Sagar and Fu, Liang},
  journal = {Phys. Rev. B},
  volume = {94},
  issue = {23},
  pages = {235446},
  numpages = {9},
  year = {2016},
  month = {Dec},
  publisher = {American Physical Society},
  doi = {https://doi.org/10.1103/PhysRevB.94.235446},
  url = {https://link.aps.org/doi/10.1103/PhysRevB.94.235446}
}

@article{aasen.hell.2016,
  title = {{Milestones Toward Majorana-Based Quantum Computing}},
  author = {Aasen, David and Hell, Michael and Mishmash, Ryan V. and Higginbotham, Andrew and Danon, Jeroen and Leijnse, Martin and Jespersen, Thomas S. and Folk, Joshua A. and Marcus, Charles M. and Flensberg, Karsten and Alicea, Jason},
  journal = {Phys. Rev. X},
  volume = {6},
  issue = {3},
  pages = {031016},
  numpages = {28},
  year = {2016},
  month = {Aug},
  publisher = {American Physical Society},
  doi = {https://doi.org/10.1103/PhysRevX.6.031016},
  url = {https://link.aps.org/doi/10.1103/PhysRevX.6.031016}
}


@article{sandvik.2010,
  title={Computational studies of quantum spin systems},
  author={Sandvik, Anders W},
  doi={https://doi.org/10.1063/1.3518900},
  journal={AIP Conf. Proc.},
  volume={1297},
  number={1},
  pages={135--338},
  year={2010},
  organization={American Institute of Physics}
}

@book{coleman.2015, place={Cambridge}, title={Introduction to Many-Body Physics}, DOI={10.1017/CBO9781139020916}, publisher={Cambridge University Press}, author={Coleman, Piers}, year={2015}}


@article{gorczyca-goraj.domanski.2019,
  title = {Topological superconductivity at finite temperatures in proximitized magnetic nanowires},
  author = {Gorczyca-Goraj, Anna and Doma\ifmmode \acute{n}\else \'{n}\fi{}ski, Tadeusz and Ma\ifmmode \acute{s}\else \'{s}\fi{}ka, Maciej M.},
  journal = {Phys. Rev. B},
  volume = {99},
  issue = {23},
  pages = {235430},
  numpages = {16},
  year = {2019},
  month = {Jun},
  publisher = {American Physical Society},
  doi = {https://doi.org/10.1103/PhysRevB.99.235430},
  url = {https://link.aps.org/doi/10.1103/PhysRevB.99.235430}
}

@article{trebst.troyer.2008,
    author = {Trebst, Simon and Troyer, Matthias and Wang, Zhenghan and Ludwig, Andreas W. W.},
    title = "{A Short Introduction to Fibonacci Anyon Models}",
    journal = {Prog. Theor. Phys. Supp.},
    volume = {176},
    pages = {384-407},
    year = {2008},
    month = {06},
    issn = {0375-9687},
    doi = {https://doi.org/10.1143/PTPS.176.384},
    url = {https://doi.org/10.1143/PTPS.176.384},
    eprint = {https://academic.oup.com/ptps/article-pdf/doi/10.1143/PTPS.176.384/5324102/176-384.pdf},
}

@article{bonesteel.hormozi.2005,
  title = {Braid Topologies for Quantum Computation},
  author = {Bonesteel, N. E. and Hormozi, L. and Zikos, G. and Simon, S. H.},
  journal = {Phys. Rev. Lett.},
  volume = {95},
  issue = {14},
  pages = {140503},
  numpages = {4},
  year = {2005},
  month = {Sep},
  publisher = {American Physical Society},
  doi = {https://doi.org/10.1103/PhysRevLett.95.140503},
  url = {https://link.aps.org/doi/10.1103/PhysRevLett.95.140503}
}
